3176 4698
475 323 622 398 LIBER
645 325 699 397 VI
722 326 824 398 31-51

107 490 181 540 esse
206 472 235 538 et
258 467 378 541 nativo
402 469 587 543 consistere
611 494 753 561 corpore
777 469 921 558 eaelum,

34 575 82 631 45
107 572 142 638 et
166 591 402 658 quaeoumque
425 568 462 640 in
486 592 525 642 eo
548 569 636 641 fiunt
659 569 800 660 fierique
823 576 993 643 necessest

637 731 663 778 it

108 839 274 933 pleraque
298 840 451 930 dissolui,
476 867 564 934 qnae
588 849 721 915 restant
745 844 881 935 peroipe
906 869 1020 936 porro,

108 941 388 1032 quandoquidem
412 942 516 1016 semel
540 943 714 1034 insignem
739 945 968 1017 eonsoendsre
992 969 1132 1019 ourrum

637 1095 663 1141 a·

108 1207 292 1275 ventorum
316 1201 480 1292 existant,
505 1202 685 1293 placentur
709 1210 747 1278 at
770 1205 888 1278 omnia
911 1229 1050 1279 rursum

637 1353 662 1399 a

108 1486 197 1553 quae
221 1461 361 1549 fuerint,
386 1462 456 1535 sint
479 1461 616 1553 planato
640 1486 806 1537 conversa
830 1463 958 1554 furore,
1057 1501 1059 1507 r

40 1574 82 1632 50
108 1568 223 1634 oetera
246 1585 334 1653 quae
357 1561 431 1634 fieri
454 1562 491 1634 in
514 1562 617 1636 terris
641 1562 804 1655 caeloque
828 1571 971 1637 tuentur

107 1660 283 1749 mortales,
309 1660 444 1751 pavidis
468 1686 546 1734 onm
570 1661 722 1752 pendent
745 1662 912 1736 mentibu’
926 1687 1038 1752 saepe,

88 1849 301 1856 ...η-ὴ*

83 1961 208 2018 restans
237 1958 259 2028 (i
286 1958 558 2030 meteorologioi).‚
651 1986 685 1997 -
714 1959 843 2018 dissolui
869 1960 910 2017 ha
937 1959 989 2030 qui
1017 1960 1038 2018 il
1066 1978 1153 2019 senso
1183 1960 1214 2019 di

86 2029 100 2055 “
115 2029 231 2100 spiegai
244 2071 258 2098 „
279 2049 362 2090 corne
381 2031 412 2089 in
430 2031 588 2090 dessoleere
603 2048 725 2089 oausam
740 2050 795 2089 aar
808 2035 864 2090 eto.
878 2032 923 2089 IV
934 2034 996 2090 500.
1015 2032 1115 2091 (tosio
1133 2038 1213 2092 stato

82 2102 283 2173 primamente
303 2103 439 2174 spiegato
459 2103 479 2160 il
498 2121 587 2173 passo
607 2101 645 2161 da
665 2103 769 2174 sobet,
790 2104 810 2161 il
836 2103 926 2173 quale
945 2103 1018 2174 pero
1041 2123 1060 2162 a
1087 2108 1165 2164 torto
1184 2106 1213 2174 (e

83 2192 142 2233 oon
161 2175 205 2233 lui
223 2174 244 2232 il
264 2174 383 2245 Munro)
402 2178 486 2232 muta
504 2175 633 2234 dissolui
650 2173 681 2231 in
700 2175 821 2234 resolui.
840 2176 1016 2234 Laehmann
1029 2177 1146 2235 eambia
1161 2178 1212 2249 fie-

82 2249 171 2318 rique
190 2247 221 2304 in
239 2246 358 2317 fateare
382 2246 417 2318 (il
436 2247 525 2305 Bern.
544 2247 576 2304 in
595 2250 800 2319 possuntque),
824 2265 878 2306 eon
906 2248 960 2306 ohe
985 2249 1015 2304 in
1034 2249 1069 2306 45
1088 2267 1131 2318 sg.
1152 2267 1212 2307 non

83 2317 243 2376 s'arrebbe
263 2319 318 2377 ohe
336 2336 398 2377 una
416 2318 592 2389 ripetizione
611 2318 640 2376 di
652 2320 795 2377 mortalia
808 2338 877 2391 esse,
896 2339 912 2378 e
927 2337 982 2390 per
998 2318 1027 2376 di
1047 2320 1099 2389 pid
1115 2322 1211 2390 (oome

83 2391 119 2448 fn
133 2397 288 2449 asservato
304 2389 354 2448 dal
368 2391 513 2461 ariera),
532 2390 622 2462 falsa3
642 2389 696 2449 ohe
716 2408 775 2449 non
793 2391 944 2463 pleraque,
958 2409 1006 2450 ma
1023 2395 1123 2450 omnia
1139 2411 1214 2465 qaae

107 2469 163 2519 aat
181 2465 214 2518 ia
234 2463 314 2521 eaelo
334 2463 547 2521 dissolvantur.
566 2462 711 2521 Luerezio
730 2462 848 2521 rioorda
868 2464 919 2533 qui
938 2463 958 2520 il
980 2467 1143 2522 oontenuto
1163 2464 1212 2522 del
1310 2496 1317 2510 ·

97 2579 103 2591 .
120 2533 157 2601 V,
176 2532 252 2591 dove
271 2535 368 2603 prima
383 2534 567 2603 sidimostra
584 2535 615 2591 la
634 2533 787 2593 mortalita
803 2534 851 2593 del
864 2535 981 2608 mondo,
999 2535 1050 2605 poi
1062 2537 1086 2594 si
1100 2537 1212 2607 spiere,

82 2622 146 2663 non
165 2604 215 2674 gio
235 2624 318 2663 eome
338 2606 402 2664 sien
421 2606 540 2664 mortali
559 2606 587 2664 le
607 2624 674 2664 ease
688 2606 792 2665 aelesti
810 2607 894 2677 (sole,
906 2607 980 2665 luna
993 2608 1072 2677 eea),
1093 2627 1141 2666 ma
1154 2627 1213 2681 aaa

82 2679 204 2735 ratione
222 2677 299 2748 fient
318 2677 327 2734 i
346 2677 498 2737 fenomeni
517 2678 629 2736 celesti.
645 2677 691 2736 Ne
707 2695 856 2748 eonsegue
870 2680 924 2737 ohe
938 2680 1067 2738 dissolui
1080 2698 1140 2738 non
1153 2680 1213 2748 pue

83 2767 186 2807 essere
205 2767 246 2807 un
265 2748 349 2807 infin.
364 2750 509 2819 parallelo
528 2768 547 2807 a
562 2750 704 2809 mortalia
718 2769 786 2819 esse,
806 2769 855 2808 ma
870 2749 940 2809 dun
955 2753 1031 2821 perf.
1047 2752 1098 2810 nel
1111 2770 1212 2811 senso:

85 2820 154 2879 “ho
174 2820 287 2893 risolto‚
306 2821 345 2879 ho
365 2823 501 2891 spiegato
516 2866 541 2892 „.
565 2823 590 2879 ll
610 2822 737 2892 Brieger
762 2821 882 2889 (Jahrb.
902 2824 936 2880 di
953 2823 983 2881 J.
1004 2825 1074 2881 1875
1099 2843 1127 2893 p.
1147 2825 1212 2892 613)

83 2892 238 3023 agffiirurzffe
257 2893 312 2951 ohe
331 2895 461 2952 reseolue'
478 2894 553 2952 deve
572 2911 663 3023 {overe
682 2898 875 3035 per(oggetto
889 2913 906 2952 o
920 2895 1214 3025 unatinterrofgativa

83 2982 420 3108 ttzttttttttttt
434 2983 570 3104 fetat
585 2984 1214 3123 tntttmtlt‘tttettaetitt

84 3111 179 3177 terga
197 3126 238 3166 un
259 3128 317 3181 aaa
335 3110 412 3180 fiant
430 3112 555 3168 vatione.
575 3109 620 3167 La
638 3108 747 3168 laouna
767 3112 782 3164 ὸ
802 3109 952 3184 evidente,
971 3129 987 3167 e
1003 3129 1031 3168 vo
1050 3129 1126 3181 pure
1145 3110 1164 3167 l'
1173 3111 1213 3169 ho

85 3197 192 3238 messa.
265 3210 299 3220 -
319 3179 354 3236 47
374 3200 437 3251 sgg.
463 3181 526 3240 Gon
545 3182 633 3239 Bern.
657 3200 673 3239 e
699 3182 769 3252 Brg.
794 3186 886 3241 metto
911 3182 1021 3240 laouna
1045 3182 1141 3240 anohe
1165 3185 1213 3240 tra

84 3253 119 3308 47
141 3270 157 3309 e
176 3254 219 3310 48.
238 3253 284 3310 La
303 3252 413 3311 laouna
431 3271 491 3311 non
511 3252 586 3311 deve
606 3271 704 3312 essere
724 3255 910 3314 brevissima.
929 3255 955 3312 Il
968 3254 1040 3324 Brg.
1055 3253 1212 3312 oonsidera

86 3323 196 3382 inoltre
213 3343 242 3382 v.
256 3327 300 3396 et,
320 3343 375 3383 oon
395 3329 480 3395 parte
500 3325 580 3383 della
599 3328 744 3394 seguente
758 3326 876 3397 laeana,
896 3344 978 3385 aomo
994 3329 1214 3395 appartenente

86 3413 105 3453 a
124 3413 186 3453 una
204 3397 257 3465 pio
276 3397 377 3454 antiea
396 3397 557 3456 redazione
576 3398 749 3467 praemiale,
772 3398 925 3457 sostituita
948 3398 987 3455 da
1010 3416 1071 3455 una
1096 3398 1148 3467 pio
1166 3416 1213 3455 re·

87 3470 184 3525 oente.
203 3467 267 3526 Puo
288 3487 402 3535 essere3
423 3488 472 3527 ma
491 3470 522 3527 in
539 3472 625 3526 tanta
644 3467 770 3526 searsitd
789 3469 819 3527 di
834 3469 984 3528 materiali
1008 3470 1163 3539 superstiti
1183 3470 1214 3527 in

87 3545 194 3609 questo
214 3539 312 3612 luogo,
330 3560 389 3600 non
410 3541 508 3600 indieo
528 3541 558 3598 la
574 3558 643 3599 oosa
658 3541 705 3598 nel
720 3545 806 3599 testo.
825 3573 860 3580 -
879 3541 1031 3601 Conservo
1044 3545 1111 3608 (oon
1123 3541 1213 3599 Bern.

87 3630 104 3669 e
123 3611 207 3681 Brg.)
225 3613 260 3669 48
278 3631 360 3671 oome
380 3611 458 3672 enei
471 3612 574 3682 eodioi,
593 3613 677 3671 salvo
691 3615 822 3671 existant
836 3632 889 3683 per
906 3617 1039 3672 eairtaat
1058 3632 1128 3672 eun
1143 3631 1213 3683 pro-

86 3682 274 3741 babilissima
293 3692 326 3742 at
343 3704 397 3755 per
410 3688 535 3756 ragione
547 3685 672 3742 metriea
692 3685 793 3753 (Bern.
806 3689 917 3744 omette
933 3685 1009 3755 l'at).
1030 3685 1137 3756 Segne,
1156 3704 1214 3754 pur

88 3773 144 3814 oon
157 3756 247 3813 Bern.
268 3774 284 3813 e
306 3756 386 3829 arg„
408 3777 468 3829 una
487 3775 589 3815 nuova
609 3756 748 3815 evidente
767 3756 885 3826 laouna,
905 3776 920 3816 e
940 3756 1050 3828 perche
1070 3761 1133 3836 siat
1149 3759 1224 3829 ptos

88 3834 153 3885 eata
172 3845 313 3886 conversa
331 3828 437 3957 gerare
455 3828 583 3888 sarebbe
607 3847 669 3887 una
688 3827 856 3897 tautologia
882 3829 911 3886 di
927 3830 1088 3900 placentae·
1115 3830 1137 3897 [i
1156 3829 1214 3888 due

87 3899 167 3958 versi
188 3902 224 3957 48
243 3919 259 3958 e
278 3902 313 3958 49
354 3920 432 3960 anno
453 3901 512 3960 ben
530 3899 623 3959 l’aria
650 3900 676 3957 d’
685 3918 783 3958 essere
807 3901 865 3959 dne
885 3901 1058 3960 frammenti
1081 3900 1111 3959 di
1129 3902 1216 3959 reda-

88 3972 167 4030 zioni
186 3970 325 4042 diversel,
345 3992 361 4031 e
379 3972 499 4046 perche,
517 3972 637 4032 unendo
665 3976 766 4031 amaia
784 3991 840 4033 oon
863 3992 938 4046 qaae
961 3973 1089 4045 fuerint,
1109 3992 1214 4032 manea

90 4062 150 4101 nna
166 4043 433 4105 determinatione:
452 4064 528 4117 qaae
542 4045 676 4116 fuerint.
691 4085 715 4102 ..
735 4044 790 4103 eho
806 4053 893 4104 ossa?
913 4046 954 4104 Mi
971 4064 1025 4116 par
1039 4046 1153 4105 dubbia
1171 4046 1216 4104 in·

88 4134 161 4174 veae
179 4117 209 4174 la
228 4114 373 4176 ulteriore
391 4116 501 4176 laouna
520 4116 569 4175 del
588 4117 658 4186 Brg.
674 4115 751 4185 dopo
770 4119 820 4188 493
841 4116 895 4176 ohe
908 4136 950 4175 nn
968 4118 1112 4188 possibile
1132 4137 1215 4178 ena-

88 4186 187 4245 turale
211 4188 429 4259 oollegamento
454 4189 483 4247 di
503 4192 539 4246 49
563 4207 618 4246 oon
638 4195 742 4258 cetera,
767 4190 810 4255 50,
830 4209 889 4248 non
918 4191 942 4248 si
966 4190 1026 4260 pue
1051 4190 1215 4259 eseludere‚

87 4259 209 4328 quando
228 4277 288 4318 non
308 4261 333 4318 si
352 4263 436 4329 muti,
455 4280 511 4320 oon
531 4261 651 4319 Laohm.
671 4260 760 4318 Bern.
780 4261 859 4332 arg„
884 4281 951 4320 mss.
972 4270 998 4319 et
1016 4264 1047 4321 in
1067 4264 1146 4335 leaeo,
1165 4264 1214 4321 nel
