3102 4692
339 319 404 406 118
649 317 714 389 DE
736 306 919 400 RERUM
935 316 1143 390 NATURA

360 459 511 534 aetheris
534 486 578 532 ex
601 462 671 534 oris
694 463 731 534 in
755 469 929 534 terrarum
952 462 1087 534 accidat
1111 463 1217 534 oras?

362 584 468 653 quare
492 560 597 633 etiam
622 567 726 653 atque
751 562 856 635 etiam
881 562 971 634 mira
994 561 1126 634 fateare
1148 567 1319 647 necessest

897 776 922 821 11

855 840 881 887 dl
937 840 962 886 11

287 1021 340 1079 215
364 1033 508 1099 corpora
532 1032 620 1098 quae
644 1009 772 1081 feriant
796 1010 912 1083 oculos
937 1010 1119 1100 visumque
1142 1008 1323 1083 lacessant.

364 1109 375 1199 ΙΙ
402 1116 632 1199 perpetuoque
656 1109 769 1180 fluunt
794 1111 895 1183 certis
920 1111 964 1181 ab
988 1111 1090 1182 rebus
1114 1110 1253 1199 odores;

363 1209 476 1296 frigus
500 1215 538 1279 ut
562 1208 733 1291 alluviis,
759 1209 852 1281 calor
876 1212 919 1282 ab
943 1210 1023 1297 sole,
1049 1217 1163 1282 aestus
1188 1211 1231 1282 ab
1256 1211 1359 1282 undis

364 1308 533 1399 aequoris,
558 1332 677 1383 exesor
700 1333 906 1400 moerorum,
930 1310 1034 1381 litora
1057 1309 1206 1380 oiroum:

363 1430 426 1477 000
449 1406 567 1478 variae
592 1414 727 1479 cessant
750 1432 850 1480 voees
874 1407 1020 1480 volitare
1045 1431 1104 1496 per
1127 1430 1246 1479 auras:

288 1527 341 1587 220
365 1504 510 1595 denique
533 1506 571 1579 in
595 1531 632 1580 os
656 1506 737 1581 salsi
762 1507 857 1581 venit
881 1532 981 1579 umor
1005 1531 1104 1596 saepe
1129 1506 1272 1591 saporis,

345 1695 558 1705 ,-..-....-----

342 1809 447 1875 questo
465 1807 598 1862 contatto
616 1834 646 1842 -
665 1821 747 1861 come
767 1805 798 1860 in
818 1806 895 1860 tanti
914 1803 985 1861 altri
1004 1805 1075 1864 0001,
1091 1802 1166 1860 dove
1182 1822 1241 1861 non
1261 1803 1312 1861 hai
1331 1807 1465 1862 contatto

342 1880 452 1936 diretto
463 1909 497 1918 -
507 1877 583 1934 l’hai
595 1875 848 1940 indirettamente‚
858 1894 912 1942 per
923 1877 1124 1933 ernanazione.
1134 1876 1271 1933 Nessuno
1286 1895 1381 1934 aveva
1391 1876 1465 1933 diffi-

343 1949 421 2007 colta
434 1948 474 2007 sd
486 1953 661 2006 smmettere
674 1948 704 2004 la
714 1966 782 2005 oosa
796 1965 850 2016 por
863 1947 905 2015 gli
918 1947 1001 2006 odori
1012 1966 1028 2004 e
1038 1949 1087 2017 pei
1100 1949 1201 2017 suoni;
1215 1967 1263 2005 ma
1273 1949 1368 2006 anche
1382 1949 1465 2005 molti

343 2022 412 2079 altri
427 2022 488 2078 casi
507 2022 547 2078 mi
567 2021 665 2078 danno
685 2020 715 2076 la
734 2038 827 2088 prora
847 2020 950 2076 chiara
969 2021 1024 2077 ohe
1043 2019 1064 2076 11
1084 2024 1218 2077 00010110
1237 2020 1388 2090 indiretto,
1405 2039 1464 2078 me-
1542 2060 1543 2083 l

343 2094 445 2150 diante
465 2092 667 2160 emanozione,
687 2090 702 2148 0
722 2111 763 2147 00
782 2109 854 2149 vero
873 2092 1012 2149 sostituto
1032 2091 1080 2149 del
1100 2096 1233 2149 contatto
1254 2092 1371 2161 dirntto,
1388 2111 1404 2149 e
1424 2093 1463 2149 mi
1541 2094 1543 2169 j

343 2165 382 2222 da
397 2166 427 2222 la
443 2169 538 2223 stessa
557 2164 747 2220 sensazione:
767 2165 850 2220 toooo
867 2163 896 2219 la
910 2164 991 2220 stufa
1007 2182 1023 2221 e
1039 2163 1069 2220 la
1088 2170 1173 2220 sento
1189 2163 1287 2234 ealda3
1307 2183 1356 2221 ma
1371 2165 1466 2221 arrehe
1542 2184 1543 2215 t

343 2255 402 2294 non
422 2234 597 2294 toccandola
626 2235 655 2292 lc
683 2241 773 2295 sento¹
787 2234 873 2290 calda
892 2254 946 2303 per
965 2236 1158 2292 emanazione
1178 2234 1208 2291 di
1226 2235 1326 2293 calore
1345 2235 1466 2292 ch’essa

343 2309 460 2365 manda.
474 2308 565 2365 Sento
581 2305 757 2364 toccandola
775 2306 893 2374 l’acqua
912 2306 1019 2364 froddo
1038 2306 1085 2362 del
1105 2305 1209 2377 fiume;
1226 2325 1274 2362 ma
1290 2307 1385 2364 anche
1401 2307 1464 2365 solo

343 2378 561 2449 passeggiondo
578 2378 655 2434 sulla
670 2378 736 2434 riva
756 2378 795 2434 mi
814 2378 915 2434 arrivs
930 2378 968 2434 da
988 2397 1054 2436 essa
1073 2396 1133 2434 una
1152 2378 1345 2446 impressione
1362 2378 1392 2434 di
1408 2380 1466 2436 fre·

342 2469 439 2507 scura.
458 2451 485 2507 Il
504 2469 589 2507 senso
609 2449 657 2507 del
682 2453 770 2518 gusto
789 2448 805 2506 ὲ
824 2450 911 2518 qnasi
931 2449 1179 2508 esclusivamente
1198 2450 1309 2507 servito
1329 2449 1378 2507 dal
1398 2469 1467 2508 con-

343 2527 420 2579 tatto
441 2522 564 2578 diretto:
583 2540 632 2578 ma
650 2541 734 2592 pure,
750 2522 970 2592 passaggiando
993 2521 1085 2590 lungo
1103 2521 1133 2577 la
1152 2522 1289 2590 spiaggia
1308 2521 1356 2579 del
1375 2541 1467 2587 mare,

342 2593 483 2651 m’arrira
501 2612 563 2649 una
581 2594 774 2651 ernanazione
794 2593 824 2649 di
842 2611 949 2661 sapore
968 2594 1073 2651 saleto.
1091 2593 1251 2661 Insomma,
1266 2593 1323 2651 s'io
1341 2593 1421 2652 bado
1437 2595 1465 2651 al

342 2664 450 2722 mondo
470 2666 502 2721 in
525 2665 675 2733 omnive,
694 2665 710 2722 0
730 2684 771 2721 00
799 2666 940 2723 continno
969 2665 1084 2722 affluire
1104 2664 1133 2720 di
1153 2665 1340 2723 ernanazioni
1360 2664 1466 2734 d’ogni

343 2738 441 2805 specie
461 2736 539 2793 dalle
560 2755 636 2805 cose,
651 2739 706 2794 che
721 2736 928 2805 m’apportano
947 2756 988 2793 un
1007 2755 1140 2806 perenne
1159 2741 1304 2794 00000010
1320 2737 1350 2793 11
1366 2756 1467 2795 sensa-

342 2808 927 2877 01001000010110011001225-221111000
955 2818 1060 2876 queste
1089 2807 1334 2879 considerazioni,
1352 2809 1392 2866 mi
1411 2827 1467 2878 par
1542 2850 1543 2873 t

343 2880 461 2937 difficile
482 2899 542 2938 non
561 2884 736 2938 ammettere
756 2881 810 2937 ohe
830 2880 839 2935 i
859 2880 938 2937 versi
955 2882 1072 2937 216221
1092 2893 1164 2937 0000
1189 2882 1240 2948 qui
1267 2881 1429 2939 benissimo
1449 2900 1467 2937 a

343 2956 428 3022 posto
452 2952 547 3020 [tanto
564 2953 617 3010 ohe
637 2953 661 3008 si
681 2951 824 3020 potrebbe
846 2953 941 3008 anche
962 2952 1100 3009 dubitare
1119 2969 1151 3009 se
1175 2952 1258 3009 siene
1278 2953 1348 3008 stati
1366 2954 1462 3011 scritti

342 3025 439 3093 prima
455 3024 504 3081 nel
518 3024 571 3094 Vl,
589 3043 620 3080 se
636 3043 696 3081 non
712 3024 791 3081 fosse
807 3023 1035 3081 l’osserrazione
1047 3024 1125 3080 satta
1140 3042 1191 3092 per
1203 3026 1266 3087 219,
1282 3043 1298 3081 0
1314 3022 1359 3081 oio
1373 3025 1429 3081 che
1443 3027 1466 3081 si

342 3101 415 3153 noia
435 3115 453 3151 a
466 3097 539 3165 2111,
555 3114 571 3152 0
588 3096 642 3153 ohe
658 3114 730 3171 sono
745 3096 777 3151 in
792 3095 896 3153 intimo
915 3099 1058 3163 rapporto
1074 3094 1151 3152 oolla
1169 3096 1288 3161 lacuna,
1311 3097 1378 3152 anzi
1394 3114 1467 3154 sono

343 3169 401 3225 essi
420 3168 507 3224 stessi
532 3186 592 3223 una
611 3168 763 3225 conferma
787 3167 866 3223 della
890 3167 1009 3236 lacuna,
1032 3186 1048 3224 e
1072 3167 1126 3223 ohe
1150 3166 1230 3223 nella
1249 3166 1359 3224 lacuna
1379 3167 1467 3224 c’cra

343 3239 400 3306 (cib
420 3239 474 3295 ohe
493 3240 636 3296 Lucrezio
661 3239 729 3296 fuor
755 3238 785 3294 di
804 3242 910 3305 questa
934 3239 1043 3296 lacuna
1068 3256 1127 3294 000
1156 3238 1221 3295 1100
1240 3239 1299 3295 rnai
1318 3257 1467 3307 espressa·

342 3315 451 3378 mente,
472 3330 519 3366 rna
540 3329 556 3368 0
576 3311 640 3367 dice
659 3310 915 3379 implicitamente‚
931 3328 1013 3367 come
1032 3311 1064 3366 in
1082 3310 1114 3366 Il
1129 3311 1274 3378 810⁴sgg„
1294 3329 1409 3379 oppnre
1429 3311 1470 3379 dd

343 3401 397 3451 per
422 3383 579 3438 sottinteso
599 3400 616 3439 0
636 3381 686 3449 gib
709 3382 804 3447 detto)
823 3382 877 3438 ebe
901 3382 931 3438 la
949 3381 1122 3440 sensazione
1142 3381 1222 3438 della
1240 3383 1319 3439 rista
1338 3384 1468 3440 avviene

343 3473 396 3520 per
415 3453 445 3509 la
461 3453 653 3511 ernanazione
673 3453 752 3521 degli
768 3452 840 3509 idoli
856 3453 934 3511 dello
953 3472 1029 3520 cose,
1050 3472 1066 3511 e
1085 3472 1152 3522 per
1176 3455 1253 3510 essi
1272 3453 1371 3511 idoli
1396 3455 1468 3513 sol-

343 3528 463 3581 tanto.
483 3524 609 3591 Quando
628 3526 771 3582 Lucrezio
790 3526 878 3582 riene
897 3544 915 3582 a
935 3525 998 3582 dire
1013 3525 1091 3593 degli
1110 3525 1180 3582 altri
1197 3526 1275 3582 sensi
1293 3526 1356 3593 (520
1369 3570 1376 3582 .
1389 3528 1444 3582 613
1461 3571 1467 3582 .

344 3598 394 3652 611
410 3640 416 3653 .
430 3597 501 3664 tro),
518 3598 661 3654 cominoia
677 3597 928 3654 ooll’annunclaro
942 3600 1178 3665 espressamcntc
1192 3597 1247 3653 che
1258 3597 1345 3654 vieno
1358 3615 1377 3653 a
1392 3597 1468 3666 spie-

343 3686 416 3736 gere
435 3686 517 3725 corne
536 3668 637 3735 quella
656 3669 830 3726 sensazione
850 3687 1005 3736 arvenga:
1025 3688 1040 3725 0
1060 3687 1120 3726 000
1138 3668 1292 3728 l’avrebbe
1316 3669 1393 3726 fatto
1413 3688 1469 3738 per

342 3742 364 3795 il
382 3758 468 3797 senso
486 3739 538 3807 pit
556 3740 746 3810 importante,
763 3759 779 3797 e
795 3740 825 3796 di
841 3741 889 3797 oni
909 3741 969 3798 cosi
987 3759 1005 3797 a
1020 3741 1112 3808 lungo
1131 3741 1155 3797 si
1175 3759 1298 3809 occupa,
1314 3759 1330 3798 e
1345 3742 1468 3799 intorno

344 3811 372 3868 al
399 3812 489 3879 quale
514 3830 605 3868 erano
633 3812 715 3880 ipiir
738 3812 878 3880 profondi
906 3813 1052 3869 dissensi?
1080 3811 1210 3869 (11000110
1235 3814 1331 3870 anche
1359 3819 1468 3882 questo

343 3883 380 3939 m’
394 3884 522 3952 imperta
551 3885 719 3940 avvertire:
748 3884 803 3940 ohe
831 3885 861 3941 la
889 3885 1063 3942 sensazione
1092 3884 1170 3941 della
1198 3885 1277 3940 vista
1305 3885 1467 3943 arvenisse

343 3955 459 4012 anche
485 3973 539 4023 per
559 3955 745 4012 omanazioni
764 3954 843 4023 degli
863 3956 986 4023 oggerii,
1005 3974 1057 4013 era
1077 3974 1145 4013 cosa
1165 3956 1203 4012 da
1221 3956 1313 4013 secoli
1331 3958 1469 4025 general·

343 4031 443 4082 mento
463 4044 624 4096 ammessa;
648 4044 696 4082 rna
716 4027 811 4083 anche
840 4028 931 4085 molto
951 4028 1175 4095 generalmente
1195 4028 1220 4084 si
1239 4026 1346 4085 diceva
1371 4031 1434 4093 (tra
1458 4031 1469 4085 i

343 4095 460 4162 filosofi)
486 4097 540 4154 ohe
564 4098 737 4155 v’avessero
763 4101 849 4166 parte
869 4099 964 4157 anche
983 4100 1169 4156 emonazioni
1188 4099 1268 4166 degli
1288 4099 1379 4157 occhi.
1403 4101 1469 4157 An·

344 4185 414 4224 cora
438 4167 468 4223 in
496 4168 657 4236 Macrobio‚
685 4176 740 4226 sot·
760 4170 819 4225 Vll
849 4171 936 4227 1415
964 4171 988 4227 si
1016 4172 1120 4239 legge:
1150 4170 1201 4228 Ad
1224 4171 1296 4228 boec
1324 4173 1470 4231 renidens

344 4239 525 4296 Eustatbins
555 4240 617 4298 “in
633 4242 792 4312 properato
813 4247 880 4312 est„
903 4245 1002 4314 inquit
1031 4242 1041 4267 “
1059 4244 1136 4314 00001
1155 4243 1266 4313 decepit
1286 4243 1467 4315 Epicurum.
