3176 4698
472 282 619 356 LIBER
641 281 697 354 VI
719 282 867 354 ear-509
1166 283 1231 354 227

132 429 284 502 nubibus
308 453 417 516 umor,
442 436 476 501 et
499 430 537 501 in
560 436 672 501 terras
696 428 865 501 demissus
889 433 928 498 ut
951 427 1062 499 imber

131 528 280 617 decidat,
303 527 497 617 expediam.
523 529 672 617 primum
697 527 768 598 iam
792 527 925 598 semina
948 527 1053 615 aquai

132 625 244 698 muita
267 625 370 697 simul
393 626 534 701 vincam
555 649 763 715 consurgere
787 625 939 696 nubibus
963 623 1048 713 ipsis

132 721 292 796 'omnibus
315 747 360 795 cx
382 725 495 811 rebus,
521 723 719 814 pariterque
742 721 793 793 ita
816 745 967 794 crescere
991 728 1186 811 utrumque,

44 845 109 900 500
134 830 169 894 et
192 821 295 894 nubis
318 828 353 892 et
376 845 514 912 aquam,
539 843 776 911 quaecumque
799 820 836 890 in
860 819 1010 890 nubibus
1034 825 1142 905 extat,

132 919 172 984 ut
194 911 326 1001 pariter
347 911 448 984 nobis
471 934 595 1001 corpus
619 935 697 983 eum
721 908 892 999 sanguine
916 908 1050 995 crescit,

133 1010 238 1084 sudor
254 1010 348 1100 item,
361 1017 465 1100 atque
477 1033 577 1082 umor
592 1009 801 1100 quicumque
818 1014 870 1079 est
886 1006 1034 1098 denique
1054 1006 1232 1078 membris.

134 1107 333 1198 concipiunt
356 1108 461 1179 etiam
487 1107 635 1180 multum
660 1130 797 1197 quoque
819 1129 921 1195 saepe
945 1103 1118 1176 marinum

134 1232 300 1294 umorem,
323 1207 434 1280 veluti
457 1206 644 1297 pendentia
666 1204 795 1277 vellera
818 1204 928 1290 lanae,

47 1335 109 1390 505
134 1332 212 1381 eum
235 1331 360 1397 supera
382 1330 551 1397 magnum
574 1330 671 1377 mare
696 1304 791 1376 venti
814 1303 937 1375 nubile
960 1307 1100 1392 portant
1112 1328 1120 1390 ;

133 1406 305 1479 consimili
327 1405 461 1479 ratione
485 1429 530 1477 ex
552 1405 712 1478 omnibus
736 1402 898 1486 amnibus
916 1418 1022 1473 umor

132 1503 267 1576 tollitur
289 1503 327 1574 in
350 1503 462 1575 nubis.
488 1527 556 1593 quo
580 1527 659 1575 cum
684 1503 772 1573 bene
796 1500 930 1572 semina
953 1523 1125 1590 aquarum

133 1602 244 1674 multa
267 1602 378 1675 modis
402 1602 522 1688 multis
545 1625 735 1674 convenere
758 1599 913 1690 undique
936 1597 1097 1687 adaucta,

134 1700 307 1777 confertae
329 1701 438 1773 nubes
461 1699 588 1792 trabeis
612 1699 791 1772 demittere
816 1704 950 1769 certant

114 1893 328 1907 ...ψ-...μω-

110 2039 344 2109 naturalmente‚
370 2039 426 2103 ohe
445 2040 475 2096 in
495 2039 560 2097 loro
587 2039 612 2096 si
636 2037 732 2096 forma
752 2057 768 2096 e
788 2056 887 2096 cresce
912 2038 962 2107 pel
991 2039 1176 2099 nutrimento
1195 2047 1251 2098 ese

110 2112 245 2172 omnibus
267 2111 356 2171 rebus
377 2112 474 2180 (eone
492 2112 542 2168 noi
574 2111 753 2179 acquistiam
773 2129 887 2179 sangue
913 2110 964 2168 dal
1003 2113 1075 2179 ane)
1095 2112 1132 2170 ed
1151 2112 1231 2170 altra

109 2186 203 2244 molta
221 2183 433 2242 direttamente
452 2203 495 2245 na
516 2182 679 2243 assorbano
699 2181 749 2239 dal
768 2201 852 2240 mare
872 2200 888 2240 e
908 2180 957 2240 dai
976 2132 1075 2254 iumi3
1096 2202 1113 2241 e
1132 2183 1232 2242 dunno

108 2256 230 2327 pioggia
249 2257 300 2326 poi
318 2254 439 2325 quando
457 2273 511 2313 son
532 2272 732 2323 compressae
758 2252 807 2311 dal
827 2271 915 2323 pesar
935 2255 963 2313 le
979 2274 1039 2313 une
1059 2255 1135 2314 suile
1155 2256 1233 2313 altre

108 2347 126 2386 o
146 2328 196 2385 dai
209 2327 292 2385 venti
305 2329 360 2386 che
373 2327 401 2385 le
417 2325 627 2387 addossenoie
643 2344 703 2383 une
719 2330 823 2384 contro
842 2325 871 2382 le
886 2324 975 2384 altre.
993 2327 1038 2384 Le
1054 2325 1233 2385 distintione

108 2410 158 2458 tra
170 2401 180 2457 i
194 2399 252 2457 duc
266 2398 344 2457 modi
358 2417 440 2457 come
456 2399 483 2456 le
497 2398 571 2456 nubi
584 2400 755 2469 exciperent
770 2397 920 2456 humorem
935 2416 1051 2468 oppure
1061 2402 1160 2469 ipnem
1172 2415 1234 2459 non

108 2469 124 2529 ὸ
144 2489 199 2541 pcr
214 2469 292 2529 altro
312 2470 475 2528 cesenniaie
495 2469 545 2527 nel
564 2469 688 2531 sistcma
705 2469 833 2526 atomico
853 2469 1002 2539 epicureo,
1021 2469 1077 2528 che
1095 2488 1154 2528 non
1174 2488 1234 2528 am·

107 2548 201 2601 mette
220 2541 330 2600 alcuna
348 2542 512 2601 essenziale
532 2541 781 2603 trasformaaicne
797 2539 827 2596 di
842 2542 983 2600 materia:
1004 2560 1021 2600 o
1041 2560 1101 2600 non
1119 2543 1148 2600 1ο
1165 2541 1182 2600 ὸ
1201 2560 1233 2599 se

108 2633 172 2672 non·
188 2615 221 2672 in
238 2620 352 2683 quanto
371 2632 529 2683 supponga
547 2614 577 2670 in
601 2631 642 2670 un
662 2630 733 2670 caso
751 2612 995 2673 l’assorbimento
1014 2613 1043 2671 di
1064 2614 1157 2673 atomi
1176 2613 1234 2672 atti
1279 2670 1281 2674 Α

108 2685 170 2744 alla
192 2686 376 2744 formazione
395 2685 424 2742 di
453 2703 550 2754 acqua
569 2703 586 2742 o
606 2683 635 2741 di
655 2684 753 2754 fusco,
777 2682 969 2745 snell’altro
990 2704 1060 2745 caso
1079 2686 1235 2744 l’assorbi·
1271 2708 1273 2711 ·

108 2762 210 2817 mento
223 2757 254 2815 di
271 2757 415 2815 molecole
435 2758 501 2826 (per
520 2761 640 2825 pariare
656 2756 717 2813 alla
733 2754 888 2821 moderna)
904 2774 1018 2826 acquae
1035 2777 1052 2816 o
1069 2758 1166 2827 ignee.
1183 2758 1234 2815 Ma

108 2829 249 2888 abbiamo
271 2829 321 2898 git
343 2846 478 2898 capresso
499 2827 521 2884 il
537 2835 640 2885 nostro
659 2826 772 2885 dubbio
798 2828 854 2891 cha
876 2827 1022 2887 Lucrezio
1041 2847 1102 2887 non
1127 2848 1233 2888 arasse

108 2900 212 2959 chiara
223 2901 254 2957 in
263 2904 363 2958 mente
376 2899 581 2971 quest'ultima
594 2898 772 2957 distinziono
783 2921 790 2969 3
803 2897 873 2961 vedi
887 2899 917 2957 in
931 2906 1003 2958 nota
1016 2919 1034 2958 a
1048 2903 1106 2968 ru,
1119 2901 1195 2960 dove
1210 2901 1235 2958 si

108 2971 195 3042 paria
214 2971 284 3030 d’un
299 2977 382 3031 terzo
397 2989 466 3030 caso
485 2972 624 3041 anelogo,
639 2970 837 3030 l’accensione
853 2970 905 3033 del
918 2979 1019 3031 rento.
1032 2972 1077 3030 La
1093 2973 1233 3031 abbiamo

107 3043 192 3102 detto
211 3044 266 3102 ohe
285 3043 315 3102 la
331 3042 508 3101 distinzione
524 3073 560 3082 -
579 3061 595 3100 o
615 3044 643 3101 le
663 3041 835 3100 distinzioni
848 3072 883 3081 -
901 3042 1018 3107 darona
1039 3063 1112 3102 aver
1131 3044 1233 3102 radice

107 3115 189 3174 nollo
213 3119 308 3173 stesso
332 3115 417 3173 fonte
442 3114 582 3184 epicureo
606 3121 694 3173 usato
714 3113 752 3172 da
774 3115 936 3184 Lucrezio3
956 3133 990 3179 aa
1011 3115 1066 3173 n’b
1085 3135 1147 3173 una
1167 3135 1234 3174 con·

108 3187 204 3244 ferma
222 3187 243 3245 il
263 3186 403 3256 ripetersi
421 3187 451 3243 la
471 3205 539 3244 cosa
559 3190 605 3244 tre
624 3186 719 3257 volte3
749 3205 764 3242 e
784 3186 881 3244 anche
902 3186 983 3245 nella
1000 3186 1185 3256 spiegazioni
1204 3186 1234 3243 di

108 3259 199 3328 tempi
216 3277 232 3316 e
247 3258 366 3316 fulmini
385 3257 465 3315 della
485 3257 595 3315 lettera
614 3276 632 3314 a
649 3256 772 3327 Pitocle,
790 3257 845 3315 che
864 3256 1008 3315 abbiamo
1022 3258 1115 3316 eitate
1135 3277 1234 3329 sopra,

107 3331 131 3387 si
151 3330 239 3399 paria
257 3348 310 3387 ora
325 3329 355 3387 di
375 3330 463 3388 fuoco
479 3348 533 3388 ora
546 3328 576 3385 di
595 3330 688 3387 atomi
707 3329 763 3385 atti
783 3348 801 3385 a
817 3329 930 3386 former
946 3329 1046 3393 suoru.
1061 3360 1096 3370 —
1113 3330 1234 3398 Quanto

106 3400 168 3459 alia
180 3402 312 3471 pioggia
325 3400 355 3459 la
366 3401 476 3459 lettera
489 3419 508 3458 a
523 3401 639 3458 Pitocle
652 3402 679 3468 (ἓ
692 3403 727 3458 99
738 3418 754 3457 e
767 3401 830 3467 100)
844 3419 905 3458 non
918 3400 1059 3461 contione
1071 3402 1125 3461 ehe
1139 3402 1234 3472 poche

107 3473 220 3542 parole,
244 3491 349 3533 occure
376 3473 408 3530 in
437 3472 566 3541 qualche
591 3479 696 3541 punto,
720 3472 775 3529 ehc
804 3473 835 3528 in
860 3476 1001 3530 sostnnza
1031 3470 1138 3536 diseno
1169 3474 1181 3498 “
1203 3472 1233 3529 la

106 3545 229 3614 pioggia
246 3544 359 3614 potersi
379 3544 510 3602 formare
530 3561 547 3601 o
567 3562 621 3629 per
638 3544 712 3600 nubi
731 3543 786 3601 che
806 3545 830 3600 si
850 3562 995 3613 premono
1014 3542 1062 3611 (Ξ
1074 3545 1233 3612 Luerezio)

106 3635 124 3673 o
153 3616 209 3673 ohe
235 3630 359 3674 murano
378 3617 408 3683 (t
423 3616 671 3690 praepetamus),
690 3633 707 3673 o
727 3614 837 3683 perche
856 3617 866 3672 i
885 3616 977 3681 renti,
998 3617 1156 3679 morentini
1177 3634 1231 3686 per

106 3686 202 3759 l’aria,
215 3685 254 3745 da
273 3689 347 3745 certi
366 3688 470 3756 luoghi
486 3687 648 3756 opportuni
667 3690 860 3755 trasportano
880 3686 1049 3756 deH'acqua
1066 3689 1120 3746 che
1140 3688 1230 3754 attin·

106 3774 186 3827 gono
210 3757 249 3816 da
268 3760 342 3816 certi
361 3759 493 3817 serbatoi
518 3759 575 3815 atti
593 3777 612 3815 a
637 3758 818 3824 fornirne‚e
846 3759 908 3816 cosi
932 3758 1008 3816 sisa
1034 3777 1095 3816 una
1114 3758 1230 3828 grande

106 3828 240 3889 raccolta
253 3829 387 3900 d’acqua.
450 3862 483 3871 -
495 3827 565 3884 498.
579 3833 695 3886 cineum
717 3828 728 3852 ‘⁴
745 3830 785 3885 mi
801 3830 825 3886 si
840 3829 1006 3888 concedere
1021 3873 1049 3900 „.
1105 3861 1140 3870 —
1155 3833 1232 3902 ipsis

106 3902 160 3960 cfr.
171 3906 255 3973 ipsus
264 3903 326 3959 206.
367 3932 394 3940 -
408 3902 474 3959 499.
485 3908 652 3972 utrumqne,
662 3898 725 3958 oiod
739 3901 830 3958 nubes
843 3908 1000 3973 cinquant.
1038 3932 1070 3940 -
1082 3901 1152 3958 508.
1165 3921 1232 3961 cen·

106 3973 289 4114 ttttttat
308 3977 459 4102 cette
473 3971 731 4100 ”dd'ibdiff
760 3972 1232 4103 ⁰³⁸⁰tt⁰ed⁶¹batmdiiitbni

295 4088 302 4113 ‚
718 4087 724 4100 ,
938 4089 944 4102 ,
1223 4078 1235 4090 .

105 4120 199 4175 ercino.
280 4145 316 4155 -
338 4116 405 4174 509.
429 4115 535 4172 imbris
562 4115 722 4184 demittere,
747 4115 793 4172 col
819 4116 908 4173 Bern.
933 4134 988 4184 per
1006 4134 1074 4174 mss.
1101 4119 1133 4174 ci
1151 4120 1236 4175 venit

106 4202 221 4256 mittere
230 4197 264 4265 (il
276 4199 307 4254 oi
317 4199 398 4254 venti
408 4196 495 4254 riene
509 4194 559 4252 dal
571 4198 616 4252 or'c
628 4198 708 4252 ocuti
719 4194 768 4252 del
781 4214 867 4254 verso
878 4197 948 4266 sg.);
961 4197 1083 4255 Lacbm.
1094 4215 1160 4256 urere
1172 4201 1239 4256 ntia
