3088 4694
460 270 607 344 LIBER
630 271 686 346 IV
710 271 862 345 rae-756

104 427 201 495 cetera
224 422 268 494 de
293 446 420 512 genero
444 420 509 495 hoc
533 423 653 496 eadem
678 423 812 496 ratione
836 426 1009 494 creantur.

102 546 280 613 quaecum
304 521 479 594 mobiliter
502 546 638 595 summa
661 522 804 596 levitate
827 520 998 608 feruntur,

102 627 134 693 ut
154 620 247 711 prius
273 620 419 710 ostendi,
444 621 545 694 facile
568 646 638 695 uno
659 626 854 695 commovet
877 619 951 692 ictu

44 746 83 802 no
100 719 263 810 quaelibet
288 743 358 791 una
381 719 538 791 animum
562 720 661 794 nobis
685 718 824 793 subtilis
847 717 985 807 imago:

100 818 201 891 tenvis
226 816 324 889 enim
347 841 444 890 mens
467 825 519 890 est
543 825 577 890 et
601 819 689 892 mire
713 815 850 889 mobilis
874 815 961 906 ipsa.

136 916 233 989 Haec
257 916 334 989 fieri
358 924 396 989 ut
419 940 582 1005 memoro,
603 916 704 990 facile
729 915 811 1005 hinc
836 937 1042 1004 cognoscere
1066 913 1194 1004 possis:

100 1017 263 1106 quatenus
286 1015 352 1088 hoc
375 1015 489 1088 similo
513 1022 563 1088 est
587 1015 650 1105 illi,
675 1014 767 1107 quod
791 1019 906 1086 mente
930 1012 1090 1086 videmus

99 1122 194 1205 atque
219 1112 339 1202 oculis,
364 1113 470 1186 simili
493 1113 569 1186 fieri
593 1114 726 1187 ratione
750 1136 886 1186 necesse
910 1119 971 1186 est.

42 1238 82 1295 uo
98 1237 182 1285 nunc
207 1212 322 1303 igitur
345 1211 447 1285 docui
470 1212 634 1304 quoniam
660 1237 713 1286 me
736 1212 825 1284 forte
849 1210 980 1284 leonem

99 1336 233 1384 cernere
259 1335 319 1402 per
342 1311 539 1399 simulacra,
566 1311 683 1385 oculos
706 1334 943 1402 quaecumque
966 1309 1150 1396 lacessunt,

100 1410 179 1483 scire
204 1410 285 1482 licet
309 1418 457 1483 mentem
482 1410 589 1484 simili
612 1411 748 1484 ratione
772 1409 914 1497 moveri,

99 1534 155 1599 por
177 1508 366 1583 simulacra
389 1509 523 1582 leonem
546 1518 580 1582 et
604 1517 720 1583 cetera
742 1533 831 1601 quae
853 1508 949 1582 videt
971 1532 1078 1600 aeque

99 1632 155 1681 nec
173 1609 289 1682 minus
313 1616 416 1700 atque
441 1609 543 1692 oculi,
565 1609 634 1682 nisi
658 1609 750 1700 quod
774 1633 875 1699 mage
899 1608 1017 1681 tenvia
1041 1606 1162 1679 cernit.

42 1727 82 1784 rto
100 1731 158 1780 nec
180 1708 315 1781 ratione
340 1708 418 1796 alia,
444 1732 522 1781 cum
546 1732 687 1782 somnus
710 1709 866 1781 membra
888 1707 1053 1798 profudit,

105 1830 194 1880 mens
219 1806 327 1879 animi
351 1806 487 1898 vigilat,
512 1808 580 1881 nisi
603 1807 694 1898 quod
719 1806 908 1880 simulacra
931 1805 1105 1879 lacessunt

83 2047 136 2106 tica
153 2046 287 2107 clausula
306 2045 537 2107 dell‘esametro.
610 2077 643 2089 -
670 2047 734 2108 742.
762 2055 857 2108 cetera
886 2053 941 2107 etc.
965 2044 1030 2106 eice
1049 2046 1077 2106 le
1097 2044 1195 2116 Scilla,

83 2118 218 2191 Chimera,
238 2126 294 2178 etc
368 2149 401 2159 -
421 2118 486 2178 744.
525 2123 598 2187 raus,
620 2122 671 2179 175
686 2140 749 2192 agg.
822 2151 858 2160 —
874 2119 929 2176 745
941 2137 1005 2190 sgg.
1020 2119 1101 2178 Nota
1114 2136 1196 2177 come

83 2188 97 2248 ὸ
113 2191 328 2250 mirabilmente
347 2140 523 2261 espressai

84 2262 202 2334 ocolpo.
278 2293 310 2304 -
332 2262 394 2322 748.
409 2265 495 2392 ἵκοιί,
519 2282 536 2323 c
555 2262 572 2322 ὸ
591 2264 719 2324 relativo
739 2264 764 2332 (“
779 2263 887 2334 poiche
906 2264 986 2323 l’uno
1007 2260 1024 2322 ὸ
1042 2261 1138 2320 simile
1153 2261 1195 2319 al·

515 2193 704 2251 assumente
724 2191 823 2252 esilita
843 2211 860 2252 e
879 2192 1056 2262 leggerezza
1079 2189 1109 2248 di
1128 2207 1196 2248 cose

83 2333 181 2406 155ιο,
199 2337 278 2395 essia
299 2333 326 2406 [ὲ
346 2335 412 2393 sinii
426 2334 453 2406 e]
473 2335 519 2394 cio
538 2336 592 2395 ohe
608 2336 745 2396 vediamo
757 2337 834 2395 coila
853 2340 952 2395 mente
973 2333 1050 2394 ecio
1069 2334 1124 2392 ohe
1144 2352 1195 2392 ve·

84 2404 172 2465 diemo
199 2409 276 2479 oogti
303 2407 387 2465 occhi
402 2408 428 2475 „)
453 2406 505 2466 oe
534 2409 750 2479 congiunzione
776 2407 802 2478 (⁸⁴
817 2406 923 2478 poiche
948 2407 1037 2466 l'uno
1063 2405 1194 2464 &simile

84 2477 211 2549 all’altro,
238 2478 317 2539 ossia
344 2478 450 2549 poiche
479 2480 668 2540 vediamo
699 2480 776 2540 colla
796 2486 905 2552 mente,
933 2479 994 2538 cosi
1021 2497 1104 2538 come
1131 2496 1196 2536 ve·

84 2547 206 2610 diemo
233 2551 313 2621 oogli
339 2551 432 2619 sochi,
461 2550 575 2610 osaiae
605 2553 635 2610 in
663 2554 780 2611 amboi
810 2552 872 2611 cesi
897 2570 937 2610 uu
956 2550 1127 2634 vedere„)3
1145 2567 1195 2607 ma

84 2628 180 2690 questa
198 2623 393 2694 somiglianza
412 2623 437 2679 si
453 2623 556 2682 riduco
569 2625 618 2695 poi
632 2625 693 2683 alia
706 2624 780 2683 sorni
802 2624 903 2682 lianza
917 2622 985 2681 dell'
992 2623 1198 2692 impressione,

84 2693 153 2775 ousia
180 2694 226 2753 del
255 2696 348 2766 vist03
376 2696 454 2767 qaod
480 2695 547 2753 sara
568 2696 680 2768 quinci,
704 2643 805 2754 oom'i
850 2694 1049 2765 innaturale,
1075 2693 1097 2751 il
1116 2692 1195 2751 rela-

85 2766 147 2824 tivo.
216 2797 252 2808 -
272 2766 337 2824 755.
357 2767 445 2825 doceri
462 2771 603 2840 arconium
620 2769 667 2827 coi
687 2787 753 2826 mss.
774 2787 790 2827 e
842 2785 930 2838 unr03
950 2767 1052 2824 Lamb.
1073 2765 1197 2823 Lachm.

84 2833 163 2894 Bern.
181 2857 197 2897 e
215 2840 286 2909 Brg.
307 2842 448 2911 quostiam
467 2841 560 2899 docui.
585 2840 645 2899 cfr.
665 2841 699 2912 fit
717 2843 778 2913 qui,
800 2839 846 2897 III
865 2840 927 2898 293.
946 2839 999 2897 cfr.
1020 2839 1095 2896 Aen.
1114 2836 1142 2894 V
1161 2838 1196 2894 22

85 2917 194 2980 superat
207 2913 349 2983 quioniam
363 2909 499 2981 fortuna.
558 2942 592 2951 -
607 2913 661 2968 750
674 2932 690 2970 e
704 2913 762 2980 753,
777 2912 887 2970 leonem
900 2928 955 2968 oon
969 2910 1090 2968 Lachm.
1102 2909 1192 2966 Bern.

84 2977 117 3036 M.
135 2981 200 3052 Brg.
225 3002 278 3053 per
303 3001 370 3040 mss.
391 2983 515 3041 leonum.
539 2983 566 3040 u
585 2984 711 3053 Brieger
738 2987 830 3041 inette
855 2983 951 3042 anche
970 2988 1018 3040 tra
1038 2982 1090 3038 750
1108 2999 1125 3038 e
1145 2982 1195 3039 751

85 3048 182 3133 lacuna
200 3055 230 3112 di
246 3073 288 3112 un
303 3072 399 3120 verso,
419 3054 448 3111 di
463 3055 510 3112 oui
527 3054 658 3113 l'uItima
673 3055 779 3125 pamla
794 3055 872 3113 fosse
887 3056 1012 3124 leonum,
1024 3050 1133 3122 perche
1149 3070 1197 3110 ve·

85 3119 171 3184 drame
184 3127 205 3184 il
217 3127 304 3185 leone
316 3145 370 3199 per
382 3128 547 3184 simulacro
558 3128 682 3193 leonum,
697 3145 754 3185 non
760 3145 817 3198 pcc·
826 3128 989 3184 simulacra
1000 3142 1196 3197 quoecumque

85 3197 172 3255 mulos
190 3199 348 3257 lacessunt.
366 3196 413 3256 Ho
433 3203 601 3267 approvato
619 3198 650 3256 la
669 3207 811 3267 proposta
836 3198 918 3256 nella
942 3197 1002 3255 mia
1020 3196 1195 3254 recensione

84 3264 223 3349 tell’ediz.
239 3271 379 3342 Brieger3
399 3288 457 3341 ma,
476 3270 693 3340 ripensandoci‚
712 3271 752 3328 mi
773 3288 827 3339 par
847 3270 901 3327 che
920 3269 950 3326 la
969 3266 1119 3327 necessita
1137 3286 1197 3326 non

83 3354 122 3394 sm
138 3340 317 3412 impellente.
337 3341 374 3400 Se
393 3341 458 3400 dico
477 3361 521 3400 me
535 3343 644 3401 leonem
657 3361 776 3400 cernere
787 3360 842 3413 per
853 3341 1027 3411 simulacra,
1045 3338 1197 3398 s'intende

83 3406 117 3466 da
134 3411 164 3469 se
182 3412 265 3472 chae
299 3432 333 3471 er
346 3415 511 3472 simulacra
525 3414 659 3488 leonum
678 3433 693 3472 o
710 3414 877 3483 l'aggiunta
890 3413 988 3472 oculos
1002 3430 1198 3485 occursumque

84 3479 221 3544 lacessunt
242 3432 300 3543 “ii
320 3486 390 3570 quei
409 3487 581 3553 simulacro,
601 3484 675 3558 cios,
694 3486 748 3544 che
769 3487 916 3544 lacessunt
935 3486 1060 3555 oculos„
1082 3482 1098 3542 5
1118 3485 1198 3542 satta

83 3563 206 3634 apponte
225 3575 279 3625 per
299 3555 483 3626 distinguere
503 3557 541 3615 da
560 3558 662 3628 quegli
681 3558 752 3616 altri
770 3558 935 3615 simulacro
955 3557 1009 3615 che
1023 3575 1082 3615 non
1095 3556 1197 3614 hanno

82 3626 157 3683 nutu
171 3627 199 3685 di
215 3629 356 3687 lacessere
376 3631 482 3700 oculeo,
501 3648 550 3687 ma
569 3630 631 3689 solo
651 3634 803 3702 occisarum
818 3627 855 3687 ne
869 3627 886 3687 ὸ
901 3629 939 3687 da
953 3628 1006 3686 dar
1021 3632 1106 3686 tanto
1125 3646 1197 3697 peso

83 3693 110 3749 al
121 3715 320 3772 quaecumque,
336 3700 452 3771 che-del
466 3709 546 3760 resto
561 3700 621 3771 puo
636 3719 804 3760 accennare
820 3701 916 3759 anche
929 3720 947 3758 a
960 3701 1124 3758 simulacra
1138 3717 1196 3755 uon

82 3766 140 3825 solo
155 3769 183 3827 di
201 3773 264 3830 reri
284 3772 373 3841 leoni,
393 3792 441 3830 ma
460 3774 557 3831 anche
577 3773 606 3831 di
626 3774 706 3834 leoni
726 3773 844 3843 dipinti,
863 3771 990 3842 scorpio,
1010 3790 1070 3830 ecc.
1090 3770 1196 3828 Anche

84 3834 159 3899 della
181 3842 391 3902 emendacione
419 3846 528 3903 leonem
552 3846 583 3902 in
609 3848 660 3904 753
689 3865 747 3903 non
767 3864 840 3903 sono
865 3844 1062 3914 sicutissim03
1086 3859 1143 3911 pur
1167 3842 1197 3898 la

83 3916 176 3981 teugo,
188 3912 327 3984 perolas
343 3917 373 3973 in
389 3915 486 3975 realta
504 3935 546 3974 un
565 3917 611 3985 po’
623 3917 697 3976 duro
717 3917 738 3974 il
754 3917 927 3986 passaggio:
948 3921 1070 3973 mentem
1085 3916 1197 3971 moveri

82 3997 131 4048 aar
153 3988 313 4045 sirnuiocru
332 3987 455 4052 leonum,
476 3995 502 4046 et
517 3995 621 4057 cetera,
637 4008 711 4061 quac
726 3989 814 4058 uidet,
829 3988 943 4059 (videre
959 4006 1011 4058 per
1026 3986 1195 4044 sirnulacru

83 4068 177 4113 eorum
195 4060 309 4126 [eurum
326 4062 462 4130 rerumD.
528 4090 559 4099 -
576 4060 627 4115 755
642 4080 677 4130 sg
705 4078 794 4131 oeque
814 4078 866 4116 aec
883 4062 984 4116 miano
1005 4057 1066 4115 “nt
1085 4057 1138 4124 niu
1158 4055 1196 4114 ne

83 4138 191 4200 meua„
243 4160 277 4169 -
291 4129 350 4188 755.
363 4131 444 4190 Nota
456 4131 477 4188 il
491 4132 652 4191 bellissimo
666 4131 803 4203 profudit
818 4130 830 4156 “
843 4129 957 4189 riverso
970 4174 993 4198 „.
1007 4127 1068 4186 cfr.
1082 4128 1128 4186 ΙΙΙ
1146 4129 1196 4184 113

85 4193 255 4273 effusumque
269 4205 345 4260 iacet
357 4207 421 4262 siae
437 4222 524 4262 sensu
541 4223 646 4275 corpora
659 4206 824 4263 honustum.
877 4233 910 4242 —
924 4203 989 4260 755.
1003 4219 1085 4259 inens
1099 4202 1199 4258 animi
