3168 4698
342 233 408 308 232
657 230 722 304 DE
745 227 919 304 RERUM
941 229 1151 304 NATURA

364 383 419 456 his
442 383 552 473 igitur
576 384 678 457 rebus
701 382 895 456 subiuuotis
918 382 1173 474 suppositisque

364 489 458 555 terra
481 506 628 572 superne
651 481 769 554 tremit
792 481 932 571 magnis
956 505 1125 555 55555555
1148 479 1272 567 551515,

288 598 342 658 545
363 582 482 655 subter
504 581 565 653 ubi
588 581 741 671 ingentis
765 580 947 671 spelunoas
970 580 1108 654 subruit
1132 585 1245 651 aetas:

364 679 491 771 quippe
515 678 644 752 oaduut
668 677 733 752 toti
757 685 901 767 montes,
927 702 1123 769 magnoque
1146 684 1288 767 repente

359 801 527 851 oououssu
550 776 620 849 lato
644 777 843 867 disserpunt
867 778 947 851 inde
971 783 1150 849 tremores.

363 883 398 948 et
421 877 556 963 merito,
580 876 744 965 quoniam
769 875 916 966 plaustri
940 898 1107 949 55555555
1128 881 1348 947 tremescunt

362 983 464 1065 teuta,
489 975 585 1048 51555
608 981 757 1066 propter,
777 999 848 1048 non
871 998 1000 1065 magno
1024 973 1173 1064 pondere
1196 980 1282 1061 tota,

287 1088 427 1148 555555
450 1074 565 1146 minus
588 1072 749 1145 exultant
771 1097 835 1159 res,
859 1079 899 1145 ut
922 1072 1004 1162 lapi'
1029 1096 1176 1162 eumque
1199 1071 1273 1142 viai

363 1171 510 1244 ferratos
533 1170 708 1261 utrimque
731 1179 887 1244 rotarum
912 1170 1063 1243 suueutit
1086 1170 1195 1242 orbes.

363 1270 402 1342 fit
424 1293 569 1362 quoque,
594 1271 656 1342 ubi
678 1272 715 1342 in
739 1293 886 1359 magnas
910 1278 1020 1360 aqtiae
1043 1275 1228 1358 vastasque
1253 1268 1406 1343 lnounas

363 1370 466 1458 gleba
489 1375 662 1441 vetustate
685 1393 704 1442 5
728 1376 822 1442 terra
846 1369 1065 1460 provolvitur
1087 1368 1222 1458 ingens,

364 1474 403 1539 ut
424 1467 573 1541 iactetur
595 1490 707 1558 aquae
730 1467 838 1541 fluctu
862 1491 996 1558 quoque
1020 1473 1114 1539 terra
1136 1465 1325 1550 vaoillans3

289 1578 342 1636 555
365 1572 405 1636 ut
427 1590 490 1638 555
512 1566 690 1638 interilum
713 1590 784 1639 non
807 1567 883 1659 quit
907 1573 1075 1654 55555555,
1099 1564 1168 1636 5151
1191 1588 1292 1636 umor

365 1663 498 1741 destitit
520 1664 558 1737 15
582 1663 686 1737 dubio
708 1664 817 1738 fluotu
839 1663 1002 1738 iactarier
1026 1664 1162 1735 intus*

344 1879 556 1889 ..υ-μμ*-

343 2002 551 2060 eliminazioue
565 2000 595 2058 di
608 2000 748 2059 elementi
761 1999 843 2069 ignei
854 2001 935 2058 55551
956 2019 981 2071 5,
994 2002 1025 2058 15
1039 2020 1115 2071 gran
1127 2008 1224 2074 parte,
1236 2003 1333 2060 55555
1352 2005 1468 2075 aoquei,

343 2093 403 2133 non
423 2079 502 2131 tutte
521 2073 549 2130 15
568 2073 648 2142 parti
668 2071 697 2129 di
717 2090 783 2130 5555
797 2071 965 2142 5555511515,
983 2074 1079 2132 555155
1098 2074 1127 2132 15
1145 2072 1197 2144 5115
1209 2073 1284 2132 dure
1305 2093 1321 2133 5
1341 2094 1468 2144 5555555,
1555 2104 1556 2107 “

343 2151 494 2216 55555555
505 2148 621 2217 pariter
639 2144 791 2203 subsidere
803 2150 830 2202 et
842 2144 1043 2214 5555555555·
1062 2164 1079 2204 5
1092 2151 1200 2215 questa
1213 2165 1265 2204 555
1280 2153 1468 2206 oertamente

343 2218 394 2276 nel
406 2218 544 2287 pensiero
558 2216 587 2274 di
601 2216 731 2284 Epiouro
742 2235 758 2273 5
771 2215 802 2273 di
811 2216 956 2274 Lucrezio
969 2217 1106 2275 anabola
1118 2218 1241 2288 ragione
1256 2218 1311 2276 5155
1320 2221 1428 2289 spiega
1440 2220 1468 2277 le

344 2288 444 2348 555155
458 2292 646 2348 sotterranee
665 2288 720 2345 obe
739 2288 790 2346 noi
809 2288 976 2356 5555515555
995 2289 1093 2347 515155
1112 2289 1174 2347 5115
1193 2290 1395 2361 superficias
1414 2291 1467 2349 ohe

342 2361 566 2421 naturalmeute
586 2365 774 2429 eontengono
789 2378 805 2417 5
819 2358 955 2443 dell’aria
967 2377 984 2417 e
998 2359 1174 2430 dell’aoqua.
1189 2361 1249 2419 Per
1262 2360 1292 2419 la
1305 2363 1468 2422 medesima

344 2452 436 2492 eausa
455 2432 483 2491 le
502 2431 663 2491 medesinre
683 2431 850 2489 condizionr
869 2431 894 2488 si
913 2431 1068 2491 dorranno
1088 2451 1234 2491 avverare
1259 2433 1358 2492 anobe
1382 2453 1462 2492 soen·
1553 2468 1554 2471 =

344 2504 440 2563 dendo
457 2504 509 2572 gib
521 2504 573 2573 giu
585 2521 640 2572 per
655 2508 741 2562 entre
754 2502 815 2560 5115
830 2507 921 2574 terra,
939 2502 1000 2561 fino
1013 2504 1074 2562 alla
1093 2505 1189 2563 faceia
1200 2509 1337 2574 opposta.
1354 2506 1468 2572 Questa

343 2574 1467 2706 tttttttttttttllltttbtltattttttttttrtttttt‘ttl

343 2739 396 2777 rea
414 2718 483 2778 dell'
490 2665 626 2792 51555555.
645 2719 796 2776 Piuttosto
809 2665 864 2776 515)
876 2719 972 2776 55555
987 2720 1038 2787 qui
1055 2737 1095 2776 un
1116 2718 1163 2789 po'
1174 2719 1254 2778 della
1266 2668 1357 2778 angliis
1370 2669 1468 2779 55555·

343 2792 408 2848 5155
418 2789 756 2859 fiduoianell'analogia.
811 2820 839 2829 —
852 2788 917 2847 tte.
930 2789 943 2815 ‘⁴
952 2791 1120 2861 Esistendo‚
1131 2792 1277 2861 collegato
1291 2810 1309 2849 5
1322 2810 1467 2851 55555555

343 2862 421 2920 55115
437 2867 528 2933 terra,
542 2861 572 2919 di
588 2867 693 2931 queste
709 2880 838 2919 saverne
856 2879 874 2919 e
893 2860 922 2918 di
936 2863 1033 2931 questi
1054 2863 1137 2932 laghi
1156 2881 1214 2922 555.
1232 2908 1244 2934 ,
1301 2862 1406 2919 -545
1425 2884 1466 2933 sg.

343 2935 420 2992 Puoi
440 2934 631 2992 confrontare
651 2934 747 2992 55555
767 2933 834 2991 Seu.
853 2932 873 2990 l.
889 2952 913 2991 5.
929 2932 1059 3005 fortasse
1072 2935 1177 3007 aliqua
1188 2953 1262 3005 pars
1276 2942 1378 2994 terrae
1390 2938 1467 2994 uelut

344 3008 491 3064 eoluurrris
510 3006 687 3079 quibusdam
706 3023 740 3062 55
757 3005 832 3076 pilis
850 3009 1027 3075 sustinetur,
1052 3007 1162 3077 quibus
1186 3010 1302 3065 uitiatis
1328 3026 1364 3065 55
1390 3027 1466 3066 reee-

344 3078 482 3137 deutibus
509 3082 609 3136 tremit
637 3078 755 3148 pondus
785 3080 965 3148 impositum·
1036 3104 1072 3117 -
1101 3076 1164 3135 547.
1193 3079 1389 3150 disserpuut;
1417 3074 1463 3134 ἅπ.

344 3153 402 3222 lep.
475 3180 509 3189 -
528 3148 593 3207 548,
612 3150 751 3220 plaustri
769 3148 870 3216 (oostr.
892 3166 952 3207 555
978 3167 1084 3219 mapuo
1103 3150 1234 3221 paudere
1251 3151 1389 3222 plaustri
1401 3169 1466 3210 555·

344 3241 431 3281 55555
451 3229 526 3280 teeta
546 3226 606 3280 tota
625 3220 814 3287 tremescunt)
834 3237 889 3278 eon
909 3220 1000 3277 Laoh.
1020 3222 1110 3294 Bern.
1130 3222 1211 3279 Mun.
1231 3223 1301 3291 Brg.
1321 3241 1376 3291 555
1396 3242 1463 3280 mss.
1553 3236 1554 3247 ¹

339 3296 501 3367 plaustris,
519 3294 573 3351 ohe
592 3292 664 3364 psrb
683 3293 705 3349 il
725 3290 833 3357 christ,
852 3309 907 3349 555
927 3291 1007 3361 altri,
1026 3292 1147 3351 difende
1174 3294 1247 3362 (555
1265 3312 1375 3365 mopere
1391 3314 1465 3367 pou·

343 3368 411 3425 olere
435 3366 613 3439 plaustris),
640 3364 720 3421 serso
748 3382 766 3420 a
791 3362 929 3433 ragione,
955 3364 1014 3422 ben
1032 3364 1164 3433 potando
1197 3365 1265 3423 “un
1291 3384 1379 3425 oarro
1404 3385 1464 3424 non
1553 3406 1554 3411 κ

296 3506 300 3515 ⁶
343 3438 435 3496 molto
466 3442 591 3507 pesaute
610 3476 624 3503 „
656 3434 839 3519 significare:
872 3433 944 3522 “un
962 3454 1058 3493 ⁴uarro
1089 3455 1148 3494 non
1177 3437 1275 3495 555155
1298 3437 1336 3524 511
1368 3439 1461 3496 molto

342 3528 414 3640 tlt?
429 3554 559 3639 5555.
576 3507 805 3649 ltstttffltt
822 3509 1323 3652 tuttatttlft‘ttttu
1343 3528 1465 3654 tutu
1553 3648 1554 3661 ζ

343 3656 408 3712 uiui
424 3655 452 3720 (e
471 3670 532 3709 non
550 3653 704 3709 sussultan
718 3669 806 3708 mano
822 3650 876 3708 ohe
890 3669 972 3709 55555
986 3651 1116 3720 quando.
1133 3653 1215 3719 555),
1231 3652 1307 3711 dore
1327 3651 1345 3711 5
1364 3654 1464 3712 5155555

342 3725 373 3783 15
391 3726 581 3783 5555555155·
598 3742 652 3792 per
671 3727 729 3780 rim
748 3741 764 3780 e
783 3721 874 3781 molto
893 3722 1049 3790 probabile
1071 3723 1138 3781 ubi.
1150 3763 1174 3781 ..
1194 3742 1322 3796 eumque,
1342 3743 1392 3781 ma
1406 3744 1464 3784 non

342 3796 501 3866 probabile
520 3802 554 3854 et.
573 3796 694 3854 Munro:
714 3813 766 3852 555
783 3797 856 3852 mia.
876 3794 1020 3864 exultant,
1040 3802 1074 3853 ut
1099 3814 1225 3867 scrupus
1251 3814 1374 3868 eumque
1393 3801 1463 3854 uiui.

343 3869 393 3926 Ma
412 3887 444 3926 55
462 3868 492 3925 15
512 3885 580 3926 5555
599 3871 735 3925 tremano
754 3866 784 3923 al
799 3865 939 3934 semplioe
953 3868 1112 3936 passaggio
1132 3867 1162 3924 di
1180 3866 1359 3938 plaustr-ab
1379 3874 1465 3926 natu·

342 3941 406 4000 5515
430 3939 655 4008 l’aggiungsre:
679 3957 695 3996 e
719 3957 779 3996 non
803 3944 939 3996 tremano
959 3957 1055 4011 meno,
1079 3938 1199 4008 quando
1219 3939 1267 3998 o'b
1287 3958 1351 3997 una
1372 3958 1464 3998 eausa

343 4013 497 4082 maggiore
525 4010 553 4067 di
579 4012 777 4069 sootimento?
802 4010 862 4067 Per
887 4009 964 4068 altre
983 4019 1124 4080 proposte
1146 4011 1313 4080 pareoehie‚
1332 4030 1465 4070 nessnna

344 4082 573 4152 soddisfaaente,
599 4082 668 4140 redi
692 4082 786 4150 Polla,
812 4081 958 4152 Pliilolop.
977 4083 1081 4152 XXV,
1100 4083 1185 4141 Polle
1203 4089 1307 4149 stesso,
1327 4101 1388 4141 non
1410 4102 1463 4141 55-

343 4153 432 4212 lendo
452 4154 506 4212 ohe
526 4153 551 4210 si
569 4154 646 4223 parli
665 4172 776 4212 auoora
795 4150 844 4210 del
863 4158 975 4211 tremar
994 4153 1072 4212 delle
1091 4173 1174 4214 ease:
1192 4173 1245 4214 555
1262 4159 1365 4213 ruiuus
1383 4157 1464 4214 exul-
