3148 4696
478 288 623 365 LIBER
647 290 705 365 ΙΙΙ
730 291 876 365 123225
1190 298 1233 370 27

121 453 214 503 nunc
238 428 352 522 igitur
376 432 545 524 quoniam
569 441 617 508 est
640 436 750 509 animi
772 441 900 509 natura
918 445 1056 529 reperta

122 528 263 603 mobilis
286 532 442 623 egregie,
468 558 635 626 perquam
658 541 816 609 constare
840 544 1010 611 necessest

53 652 103 709 sos
125 630 330 722 corporibus
355 633 475 723 parvis
498 639 533 707 et
555 634 689 709 levibus
713 642 817 728 atquo
836 636 1009 710 rutundis.

126 752 214 820 quae
237 729 305 802 tibi
328 731 472 821 cognita
495 755 549 806 res
572 732 609 806 in
633 733 762 824 multis,
786 758 807 807 o
830 735 927 824 bone,
951 737 1054 810 rebus

127 827 222 901 utilis
246 828 451 902 invenietur
473 837 507 903 et
531 838 725 924 opportuna
748 833 886 906 ctuebit.

127 926 213 1000 haec
236 951 374 1018 quoque
398 951 454 1002 res
478 929 584 1002 etiam
607 937 772 1004 naturam
795 931 934 1005 dedicat
957 933 1041 1024 eius,

130 1050 233 1118 quam
258 1027 356 1099 tenui
379 1031 513 1100 constet
535 1034 685 1114 textura,
709 1053 882 1122 quamque
905 1031 980 1106 loco
1003 1056 1039 1105 se

64 1143 110 1201 210
131 1128 308 1202 contineat
331 1152 449 1219 parvo,
473 1131 503 1203 si
526 1132 633 1223 possit
656 1132 919 1223 conglomeran,

131 1227 221 1318 quod
245 1227 349 1300 simul
373 1235 479 1320 atque
502 1228 678 1303 hominem
702 1231 764 1304 leti
787 1255 911 1306 secura
930 1233 1027 1325 quies
1050 1241 1101 1308 est

52 1408 55 1413 ¹
131 1325 272 1416 indepta
295 1332 399 1417 atque
423 1327 531 1399 animi
554 1334 682 1402 natura
705 1329 910 1422 animaeque
935 1332 1084 1421 recessit,

130 1423 178 1497 nii
201 1424 253 1498 ibi
275 1423 422 1497 libatum
447 1424 490 1498 dc
514 1431 586 1501 toto
610 1451 751 1518 corpore
775 1452 896 1503 cernas

130 1525 173 1596 ad
195 1524 358 1615 speciem,
382 1523 433 1597 nil
457 1525 500 1598 ad
526 1526 678 1618 pondus:
703 1552 796 1602 mors
819 1530 937 1602 omnia
962 1538 1126 1621 praestat,

62 1642 109 1698 ‘215
128 1623 270 1696 vitalem
296 1630 434 1714 praetor
455 1648 593 1698 sensum
618 1626 838 1717 calidumque
862 1651 1035 1719 vaporem.

130 1746 213 1813 crgo
237 1722 393 1794 animam
418 1729 528 1795 totam
553 1725 733 1816 perparvis
758 1750 832 1799 essc
856 1735 1027 1800 necessest

130 1821 331 1910 seminibus,
356 1844 485 1894 nexam
509 1846 569 1913 per
592 1847 699 1897 venas
722 1823 1019 1914 viscera-nervos

129 1920 446 2013 quatenusomnis
470 1921 531 1993 ubi
554 1946 572 1994 e
595 1928 668 1995 toto
691 1924 763 1995 iam
782 1947 923 2013 corpore
943 1925 1054 2015 cessit,

128 2020 261 2092 extima
284 2019 518 2093 membrorum
543 2020 675 2094 circum
699 2045 844 2095 caesura
867 2030 983 2095 tamen
1008 2048 1044 2096 se

57 2135 106 2191 aro
125 2118 321 2192 incolumen
345 2123 498 2209 praestat
519 2142 583 2191 nec
606 2119 689 2192 defit
713 2120 873 2212 ponderis
896 2119 1018 2194 hilum.

128 2217 217 2309 quod
241 2226 355 2308 genus
379 2223 432 2290 est
451 2216 583 2290 Bacchi
601 2241 679 2290 cum
702 2218 765 2291 flos
789 2218 942 2309 evanuit,
966 2228 1027 2292 aut
1051 2245 1129 2294 cum

126 2316 270 2408 spiritus
294 2315 465 2405 unguenti
490 2315 608 2390 suavis
631 2315 773 2407 diffugit
798 2316 836 2389 in
859 2341 973 2408 auras,

126 2422 187 2488 aut
210 2415 330 2506 aliquo
355 2437 432 2487 oum
456 2414 528 2487 iam
552 2438 655 2488 sucus
678 2415 720 2487 de
745 2439 885 2506 corpore
909 2417 1028 2491 cessit:

126 2515 198 2589 nilo
222 2514 333 2588 oeulis
357 2521 475 2588 tamen
499 2539 571 2589 esse
594 2515 709 2588 minor
732 2539 788 2589 res
811 2516 888 2607 ipsa
915 2517 1056 2590 videtur

62 2624 102 2682 25
124 2621 318 2706 propterea,
343 2636 454 2704 neque
479 2612 675 2686 detractum
700 2614 742 2686 de
765 2615 916 2705 pondere
939 2616 1135 2709 quicquam,

103 2912 341 2981 onomatopeiea.
429 2940 456 2950 -
479 2909 704 3037 mizaeorum
723 2911 921 2972 liberamento
945 2918 1076 2974 suostato
1100 2914 1149 2973 dal
1175 2936 1230 2977 suo

102 3003 186 3054 agg.;
206 2985 261 3041 cfr.
282 2986 343 3040 180.
361 2984 420 3040 uu.
583 2982 602 3036 ti
622 3002 665 3052 sg.
686 2984 753 3043 Uno
769 2985 798 3043 di
815 2985 916 3055 uuegli
932 2987 1144 3045 avvertimenti
1159 2989 1231 3047 inci·

102 3056 215 3115 dentati
236 3055 293 3113 che
314 3072 374 3112 non
393 3071 466 3113 sono
484 3054 546 3112 rari
570 3054 602 3112 in
622 3055 767 3115 Lucrezio
791 3058 857 3125 (cfr.
878 3077 905 3127 p.
923 3076 964 3116 os.
986 3060 1091 3129 1331),
1119 3060 1231 3129 porche

102 3147 158 3187 nou
178 3145 255 3185 sono
274 3127 337 3183 rari
352 3126 383 3183 in
399 3126 539 3196 Epicuro.
553 3127 620 3197 Qui,
636 3135 683 3185 tra
698 3147 760 3185 uno
775 3146 870 3198 prora
887 3149 903 3186 e
918 3129 1026 3192 l'attra
1040 3148 1099 3188 non
1116 3132 1141 3189 si
1156 3131 1232 3190 rede

102 3201 184 3258 nulia
204 3200 261 3257 ohe
281 3199 310 3256 io
330 3198 484 3267 provochi.
509 3199 755 3258 Probabilmente
781 3201 926 3258 Lucrezio
951 3201 1017 3258 l'he
1043 3208 1163 3261 trovato
1183 3205 1232 3261 nei

101 3278 178 3331 tosto
193 3271 223 3328 di
237 3270 323 3340 Epic.
333 3270 389 3328 che
405 3288 502 3328 evera
515 3270 640 3330 davanti
651 3272 681 3329 in
696 3277 803 3340 questo
816 3277 974 3330 momento.
1030 3304 1059 3313 —
1077 3274 1148 3332 208.
1159 3278 1231 3343 eires,

100 3363 125 3401 r.
138 3352 211 3402 nota
221 3361 240 3400 a
253 3345 304 3400 lu
317 3360 361 3410 sg.
419 3372 448 3382 -
458 3341 521 3400 212.
531 3343 673 3414 ιἠἀερία;
686 3345 854 3414 ἰηιίιζυίεοον
863 3344 971 3407 (anche
981 3344 1012 3402 in
1022 3344 1144 3412 Plauto)
1156 3364 1233 3404 corn·

100 3421 185 3485 posto
196 3433 257 3473 non
269 3432 325 3473 con
340 3419 373 3472 in
387 3432 435 3471 rna
450 3432 505 3472 eon
519 3415 603 3485 indu,
615 3416 845 3486 contradicam
858 3415 912 3473 cfr.
923 3417 1088 3476 indaudirc
1100 3419 1231 3486 (Pione),

100 3488 265 3560 induprcdi
282 3494 339 3544 etc.
359 3486 413 3544 cfr.
429 3486 500 3543 182.
560 3486 822 3556 -218.tit›utum;
838 3488 891 3544 cfr.
905 3488 932 3546 V
947 3489 1009 3546 260.
1064 3519 1098 3528 -
1114 3488 1177 3549 214.
1192 3492 1233 3548 od

100 3559 301 3703 ipititntd
314 3556 1233 3706 rtisazotus*scrutprescrutati.tuat

102 3706 148 3761 “ti
167 3702 345 3773 garantisoe
359 3740 373 3767 „
394 3700 499 3770 quindi
520 3702 571 3758 “ti
590 3700 683 3758 tescia
698 3745 711 3771 „
796 3731 824 3742 —
846 3704 907 3758 217.
927 3721 1088 3763 nexura...
1108 3723 1230 3777 neruos,

101 3783 205 3843 priosta
225 3773 379 3843 aggiunta
398 3791 471 3841 pare
490 3771 663 3842 superflum
681 3790 730 3830 ma
750 3774 871 3843 implica
891 3776 911 3831 u
931 3775 1072 3844 pensiero
1096 3777 1164 3838 che,
1182 3796 1233 3846 ap·

100 3853 191 3916 punto
209 3865 267 3917 per
287 3847 317 3902 ta
337 3861 414 3914 gran
434 3843 603 3914 piscolezzo
621 3842 702 3913 degli
722 3847 823 3913 atomi,
843 3865 874 3903 se
895 3865 932 3904 ne
947 3852 1034 3906 trove
1047 3866 1088 3906 un
1104 3848 1231 3918 po’dap·

102 3926 243 3988 percurro.
323 3946 352 3956 -
375 3915 442 3973 212.
463 3915 585 3973 Eutime
598 3916 717 3973 membr.
731 3920 982 3976 circumcaesura
993 3920 1081 3978 =1v
1095 3922 1157 3979 645.
1170 3921 1232 3979 on.

101 3985 245 4066 περικοπή.
271 3989 382 4047 Munro
402 3987 462 4045 cito
481 3987 596 4045 Arnob.
615 3988 663 4045 III
686 3990 720 4045 13
736 3995 921 4048 terrenorum
946 4008 1101 4063 corporum
1120 3996 1232 4051 circum

101 4081 232 4122 caesura.
312 4090 341 4100 -
363 4058 426 4116 221.
446 4059 508 4130 flos,
523 4058 546 4116 ii
563 4060 694 4131 bouquet.
709 4060 770 4118 Gir.
786 4061 818 4117 ΙΙ
836 4064 905 4130 848;
924 4062 1023 4120 Ptaut.
1039 4081 1116 4121 cure.
1135 4066 1159 4121 l.
1175 4066 1231 4121 21

101 4136 151 4205 lios
170 4136 280 4193 veteris
300 4134 386 4200 oini,·
404 4133 540 4202 spiritus,
559 4133 622 4202 222,
641 4130 658 4189 ὸ
677 4132 706 4189 lo
725 4136 828 4197 stesso,
848 4151 865 4189 e
884 4151 981 4199 crocus,
1000 4136 1063 4200 223,
1089 4134 1106 4192 ὸ
1125 4153 1230 4193 aroma

102 4225 250 4277 empore,
328 4233 362 4245 -
382 4201 446 4260 224.
466 4202 538 4269 nilo,
558 4221 612 4274 per
627 4222 694 4261 mss.
712 4206 767 4274 ait,
787 4204 916 4262 secondo
929 4206 949 4262 il
964 4209 1101 4264 asstante
1116 4224 1171 4264 uso
1187 4207 1231 4263 tu·
