3088 4694
339 202 361 271 8
386 221 389 227 ’
653 197 719 270 DE
741 195 918 270 RERUM
940 196 1151 272 NATURA

362 365 430 434 quo
451 364 562 432 neque
585 346 702 413 noster
724 339 798 413 adit
821 339 1006 431 qnisquam
1028 364 1092 414 neo
1113 342 1284 417 barbarus
1307 346 1438 420 audet?

362 448 476 514 cetera
499 438 540 510 de
563 462 689 529 genere
712 438 890 530 hecquae
914 446 995 513 sunt
1018 447 1178 531 portenta
1201 451 1389 535 perempta,

360 539 390 612 si
413 562 482 611 non
505 537 600 610 ricta
622 537 746 620 forent,
770 537 855 629 quid
879 537 1020 610 tandem
1044 539 1127 612 vira
1149 544 1336 615 nocerent?

360 637 421 727 nil,
446 643 484 709 nt
507 636 646 727 opinor:
670 636 723 710 ita
745 636 790 708 a'd
814 637 975 709 satiatem
999 642 1094 710 terra
1116 639 1270 713 ferarum

303 764 339 820 40
361 760 454 810 nnnc
477 736 582 808 etiam
605 733 709 808 scatit
732 741 766 807 et
788 735 924 826 trepido
947 742 1078 809 terrore
1101 737 1235 829 repleta
1258 746 1310 812 est

360 860 422 925 per
444 857 587 908 nemora
610 857 651 905 ao
673 840 809 906 montes
832 857 979 923 magnos
1002 833 1177 927 silvasque
1200 837 1405 928 profundas3

360 958 448 1026 quae
470 932 547 1006 loca
569 931 705 1006 vitandi
728 932 930 1023 plerumque
953 940 1005 1007 est
1028 939 1147 1007 nostra
1170 942 1333 1025 potestas.

360 1039 397 1106 at
419 1030 487 1105 nisi
510 1035 733 1122 purgatumst
755 1036 885 1121 pectus,
909 1055 997 1122 qnae
1020 1031 1151 1123 proelia
1174 1034 1272 1107 nobis

360 1138 463 1224 atque
486 1128 640 1221 pericula
662 1135 773 1202 tumst
795 1128 946 1219 ingratis
968 1129 1234 1205 insinuandum!

302 1255 337 1317 45
360 1237 510 1323 quantae
532 1236 608 1302 turn
631 1228 794 1302 scindunt
812 1228 987 1302 hominem
1012 1231 1214 1321 cuppedinis
1238 1256 1334 1306 acres

359 1329 545 1403 sollicitum
568 1351 682 1416 curae,
706 1326 897 1419 quantique
920 1326 1062 1418 perinde
1085 1328 1247 1402 timores!

359 1428 486 1520 quidve
508 1426 671 1518 superbia
694 1424 862 1515 spurcitia
885 1448 927 1498 ac
949 1426 1166 1516 petulantia?
1190 1435 1341 1519 quantas
1387 1477 1395 1491 -

358 1525 513 1598 efficiunt
536 1524 665 1598 clades!
690 1523 775 1614 quid
798 1522 903 1596 luxus
927 1523 1173 1617 desidiaeque?

357 1624 443 1697 haee
465 1624 576 1715 igitur
599 1622 660 1713 qni
683 1628 809 1694 cuneta
831 1622 1008 1712 subegerit
1031 1625 1283 1716 exanimeque

300 1747 335 1811 50
357 1722 529 1813 expulerit
552 1720 664 1809 dictis,
689 1744 759 1792 non
782 1721 899 1808 aruris,
924 1745 1038 1794 nonne
1062 1722 1196 1795 decebit

357 1821 450 1894 hunc
473 1821 815 1893 hominem-numero
839 1818 957 1892 divom
980 1819 1159 1910 dignarier
1183 1823 1279 1894 esse?

335 2143 414 2183 aero.
469 2117 858 2191 -ddaudetcioeodire,
911 2119 1137 2179 -41.efr.952
1153 2140 1169 2179 e
1185 2124 1246 2179 990.
1298 2120 1398 2180 -44,
1414 2127 1458 2181 in·

334 2200 451 2267 praue
469 2196 513 2253 Pl.
530 2213 546 2253 e
566 2194 633 2252 Ter.
649 2210 743 2252 useno
763 2193 791 2250 le
810 2192 905 2250 forme
924 2193 976 2263 piu
1000 2193 1089 2262 piene
1111 2196 1224 2263 praetio
1248 2211 1264 2251 e
1290 2197 1459 2266 ingratiis,-

334 2272 433 2338 pratos
452 2287 468 2326 e
487 2269 620 2339 ingratia
638 2265 734 2323 anche
754 2263 907 2322 Cicerone.
980 2294 1013 2304 -
1032 2263 1457 2325 45.efr.111992Autatta
1542 2297 1543 2321 t

335 2345 440 2412 quovis
458 2340 600 2398 scindunt
624 2337 785 2409 cuppedine
810 2354 909 2394 curce.
986 2366 1019 2376 -
1047 2355 1138 2405 ocrea,
1163 2354 1230 2395 mss.
1250 2338 1284 2394 L.
1304 2338 1361 2397 Bn.
1380 2338 1456 2409 Mn.;
1542 2366 1543 2401 2

335 2416 416 2470 acrio
434 2412 504 2481 Brg.
520 2409 616 2469 dietro
635 2416 777 2479 proposta
787 2408 897 2478 Bergk.
970 2406 1059 2466 -46,
1071 2410 1195 2481 perinde
1201 2429 1214 2480 ;
1236 2407 1316 2467 chei
1337 2414 1457 2469 timores
1542 2412 1543 2489 i

335 2502 389 2543 son
408 2480 519 2542 diretta
539 2499 746 2550 consegnenza
764 2479 844 2538 della
862 2481 1021 2552 cupiditas,
1039 2479 1331 2550 dell’appassionato
1358 2487 1456 2541 ettae·
1542 2520 1543 2549 2

333 2559 471 2614 cemento
490 2574 509 2612 a
527 2553 689 2623 ricchezze,
707 2553 802 2622 oneri,
824 2571 882 2611 ecc.
957 2582 990 2592 -
1015 2550 1059 2606 47.
1084 2555 1241 2624 spurcitia,
1266 2552 1455 2624 “l'egoisrno
1542 2563 1543 2605 1

312 2627 453 2686 ⁴sordido
473 2645 490 2685 e
508 2625 629 2685 crudele
643 2640 674 2695 „5
700 2623 755 2683 che
777 2627 934 2696 spurcitia,
953 2624 1031 2682 oltre
1057 2624 1088 2682 al
1112 2623 1282 2693 significare
1307 2624 1337 2683 la
1363 2626 1455 2685 sordi·
1542 2666 1543 2673 1

334 2698 425 2757 denna
443 2698 527 2757 fisiea
546 2717 563 2756 e
582 2695 740 2767 moratae
759 2695 842 2754 detto
860 2713 916 2766 per
934 2696 964 2753 la
982 2694 1102 2754 sordida
1121 2697 1256 2755 avaricia
1275 2716 1292 2755 e
1308 2697 1453 2767 rapacia,
1542 2744 1543 2749 1

333 2772 482 2829 ed‘altra
501 2773 587 2840 parte
607 2769 706 2827 Nonio
729 2767 768 2825 dt
794 2785 877 2826 come
900 2767 1051 2837 primitivo
1077 2766 1246 2837 significato
1272 2767 1301 2826 di
1328 2787 1454 2840 spurcus

332 2843 440 2912 quello,
452 2842 482 2899 di
501 2860 614 2912 saeuus,
633 2843 863 2912 sesquinonus,
881 2859 923 2897 un
942 2857 1029 2899 senso
1048 2840 1103 2898 che
1123 2839 1275 2910 s’attaglia
1294 2841 1373 2899 bene
1393 2841 1451 2911 qni,

331 2918 380 2972 tra
398 2913 539 2986 superbio
556 2912 764 2982 (prepotenza)
779 2931 795 2970 e
807 2912 985 2983 petulantia.
1052 2910 1144 2969 -ὅθ,
1160 2914 1257 2982 dictet,
1270 2930 1330 2971 non
1343 2917 1452 2972 armoe:
1542 2926 1543 2965 r

332 2986 428 3045 anche
446 2986 478 3044 in
497 2985 542 3045 eid
561 2984 691 3054 Epicuro
710 2982 727 3041 e
746 2983 900 3053 superiore
920 2982 959 3041 ad
977 2983 1093 3042 Ercole.
1169 3014 1197 3023 -
1223 2984 1266 3041 51.
1285 2985 1451 3056 dignarier,

331 3058 459 3128 passivo,
478 3062 566 3116 usato
584 3055 680 3115 anche
704 3056 742 3113 da
768 3055 920 3114 Cicerone.
993 3085 1027 3094 -
1053 3073 1193 3128 numaro;
1214 3056 1345 3126 Bentley
1364 3057 1450 3114 ruole

331 3147 454 3189 nuneero
473 3133 515 3196 in,
535 3148 550 3187 e
570 3129 696 3197 Langen
714 3128 809 3196 (Phil.
826 3130 871 3197 34,
888 3147 917 3197 p.
936 3126 982 3196 34)
1001 3130 1034 3186 in
1058 3145 1190 3186 numero.
1215 3127 1266 3184 Ma
1291 3126 1344 3186 c’'e
1371 3128 1449 3186 buon

330 3220 454 3260 numero
474 3200 504 3258 di
523 3201 635 3270 esempi
655 3199 703 3257 del
728 3198 869 3268 semplice
892 3217 1015 3259 numero
1032 3198 1151 3268 (ansz
1172 3206 1258 3258 erant
1277 3201 1360 3271 opud
1379 3200 1448 3258 Coe·

331 3293 428 3332 sorem
454 3276 583 3344 equitum
609 3290 730 3330 numero
763 3270 937 3341 Allobropes
963 3271 1031 3341 doto,
1059 3291 1075 3329 e
1101 3273 1222 3331 deorum
1249 3290 1372 3343 rotemero
1402 3289 1448 3329 eos

330 3347 408 3404 solos
434 3346 546 3403 ducunt
574 3361 646 3416 quos
669 3349 815 3413 octauam
834 3342 935 3401 Livio:
967 3350 1000 3401 ut
1031 3343 1182 3402 lominum
1205 3349 1239 3401 ut
1262 3346 1370 3402 civium
1396 3362 1449 3400 nu·

329 3435 408 3477 mero
431 3421 525 3475 statos
546 3417 628 3486 etc.);
654 3414 691 3473 ed
711 3413 727 3472 e
752 3432 824 3472 rere
845 3415 899 3473 che
919 3432 980 3473 esse
1003 3433 1126 3474 numero
1153 3433 1243 3473 senza
1263 3418 1305 3483 ia,
1324 3416 1376 3485 piu
1395 3415 1448 3473 eho

329 3489 350 3546 il
363 3506 450 3548 senso
469 3487 498 3545 di
519 3489 534 3517 ‘⁴
547 3492 747 3558 appartenere
766 3506 812 3557 a„
834 3487 874 3543 ha
893 3486 992 3555 quello
1012 3486 1042 3544 di
1062 3485 1075 3512 “
1090 3460 1193 3571 valere
1205 3505 1269 3558 per,
1283 3505 1365 3546 esser
1380 3505 1447 3545 eon·

328 3560 460 3619 siderate
484 3577 566 3618 come
588 3577 672 3626 eea„
693 3559 737 3626 (=
753 3559 840 3625 locol‘:
868 3577 917 3616 ma
945 3558 962 3617 e
990 3562 1124 3628 appunto
1152 3558 1174 3615 ι1
1197 3576 1267 3617 caso
1293 3563 1405 3629 nostro,
1431 3578 1446 3616 e

328 3651 388 3691 non
404 3632 466 3692 solo
486 3650 546 3690 non
565 3629 614 3690 c’e
638 3631 763 3700 regione
782 3630 812 3688 di
830 3634 957 3700 mutare,
976 3649 1024 3688 ma
1044 3629 1096 3689 e’t
1115 3631 1240 3700 ragione
1260 3630 1368 3690 dinen
1387 3649 1447 3688 rnn-

328 3711 403 3763 tare,
426 3703 473 3762 Ne
497 3708 563 3761 osta
587 3704 642 3761 che
668 3702 718 3760 nel
741 3702 794 3771 piu
819 3701 900 3772 degli
929 3702 1041 3772 esempi
1069 3702 1095 3760 si
1123 3702 1208 3761 tratti
1235 3701 1266 3759 di
1286 3703 1349 3772 pn,
1369 3722 1447 3760 men·

329 3781 374 3835 tre
398 3776 451 3844 qui
475 3776 501 3834 si
523 3778 618 3833 tratta
646 3773 677 3831 di
701 3793 743 3832 un
767 3774 846 3844 sol03
875 3772 930 3832 eho
955 3774 1031 3833 oltra
1050 3773 1081 3832 al
1105 3773 1221 3833 seriore
1248 3773 1374 3842 Quintil.
1399 3774 1446 3832 III

328 3850 416 3905 6102
435 3851 465 3906 si
487 3854 561 3906 esset
583 3864 706 3905 numero
730 3847 907 3915 alienorum,
932 3845 978 3905 c’e
1002 3846 1097 3905 anche
1122 3846 1229 3904 Asinio
1251 3845 1397 3916 Pollione,
1415 3845 1444 3902 in

327 3917 386 3978 cie.
400 3921 440 3978 od
451 3919 525 3990 som.
537 3918 567 3976 X
579 3921 613 3976 31
629 3922 646 3976 6
661 3919 739 3990 quod
756 3916 943 3988 fornilicrem
960 3937 1055 3977 meum
1074 3925 1193 3977 tuorum
1212 3936 1335 3977 nrtmero
1350 3918 1443 4000 hobae:
1541 3938 1542 3971 2

328 4022 361 4032 -
380 3992 438 4049 Del
455 3998 535 4050 resto
556 3994 662 4059 questa
681 3990 816 4058 apoteosi
831 3989 861 4047 di
879 3989 1009 4058 Epicuro
1028 4008 1087 4049 non
1107 3990 1124 4049 t
1143 4008 1185 4048 un
1203 3988 1272 4049 rolo
1287 3991 1404 4060 poetico
1416 3987 1444 4046 dr

325 4063 478 4133 Lucterio,
497 4082 546 4120 ma
564 4063 634 4120 rien
653 4061 745 4120 dritta
765 4061 845 4120 dalla
865 4061 1030 4120 tradicione
1056 4082 1072 4120 e
1096 4061 1176 4120 dalla
1200 4060 1335 4120 dottrina
1353 4066 1444 4120 stesso

327 4134 476 4205 epicuree.
495 4135 540 4196 La
559 4133 757 4196 venerazione
775 4152 830 4208 per
848 4133 978 4208 Epicuro
997 4133 1036 4196 da
1054 4138 1141 4208 parte
1165 4133 1246 4192 della
1272 4152 1328 4193 sna
1345 4133 1443 4196 accola
1541 4128 1542 4207 l
