3102 4692
469 333 618 408 LIBER
640 334 697 409 111
720 338 869 409 ecs-823
1187 334 1230 405 99

114 468 207 558 qued
233 476 364 542 manet
387 469 554 542 intactum
579 495 688 562 neque
712 472 756 544 ab
779 471 852 543 ictu
878 468 1039 558 integitur
1062 466 1172 539 hilum
1181 492 1189 555 ;

118 573 178 639 aut
201 567 320 639 etiam
346 568 430 658 quia
453 568 550 640 nulla
573 568 640 642 leci
663 570 713 659 sit
732 568 831 660 eopia
854 568 995 655 circum,

121 690 187 757 que
212 667 321 758 quasi
345 691 402 739 res
425 668 556 758 possint
580 668 754 741 discedere
778 667 1000 757 disseruique,

123 767 226 839 sicuti
251 791 474 841 summarum
497 776 666 842 summast
689 776 840 856 aeterna,
864 791 974 859 neque
997 772 1099 839 extra
1191 838 1193 841 .

56 888 106 945 815
127 865 206 956 quis
226 865 328 939 loeus
354 872 406 938 est
430 892 496 958 que
520 867 717 958 diffugiant,
737 891 847 958 neque
871 889 1016 956 cerpera
1039 869 1120 938 sunt
1144 884 1232 954 quae

54 991 106 1047 816
127 963 262 1055 possint
285 963 441 1041 incidere
464 972 497 1038 et
518 965 636 1038 valida
659 965 844 1039 dissolvere
871 964 986 1056 plaga.

661 1080 684 1127 ee

51 1190 105 1245 817
128 1163 220 1254 qued
245 1163 277 1236 si
301 1163 392 1235 ferte
415 1163 492 1237 ideo
514 1163 627 1254 magis
650 1162 856 1236 immertalis
879 1160 1081 1250 habendas,

128 1262 221 1352 qued
245 1262 416 1335 vitalibus
440 1264 484 1335 ab
508 1264 611 1339 rebus
632 1262 770 1335 munita
793 1268 938 1342 tenetur,

128 1368 190 1433 aut
214 1361 301 1452 quia
325 1384 394 1433 nen
418 1362 561 1434 veniunt
585 1361 724 1435 omnine
748 1360 863 1434 aliena
886 1359 1019 1446 salutis,

50 1477 106 1535 820
128 1467 190 1534 aut
214 1459 300 1550 quia
324 1483 413 1550 quae
438 1461 580 1532 veniunt
603 1460 722 1550 aliqua
745 1460 878 1533 ratione
901 1458 1066 1531 recedunt

129 1559 231 1651 pulsa
255 1559 355 1650 prius
379 1583 483 1650 quam
506 1559 591 1650 quid
616 1567 762 1632 noceant
786 1560 913 1633 sentire
937 1581 1121 1649 queamus,

130 1766 270 1849 praeter
294 1757 387 1829 enim
411 1781 514 1848 quam
538 1757 629 1847 qued
661 1757 790 1829 morbis
814 1781 892 1829 curn
917 1755 1070 1844 corperis
1094 1762 1232 1844 aegret‚

129 1856 275 1929 advenit
298 1855 335 1927 id
359 1856 451 1947 qued
475 1880 550 1929 eum
574 1855 616 1928 dc
640 1856 742 1930 rebus
762 1880 863 1950 saepe
888 1854 1013 1929 futuris

110 2021 327 2035 .....-.--—.—-

111 2128 326 2204 (primordie)
352 2148 445 2201 neque
463 2131 588 2188 dissolui
613 2132 712 2203 piceis
740 2135 924 2191 extrinsecus
943 2134 1003 2190 ieie
1020 2135 1153 2202 pessunt,
1180 2148 1232 2189 erec

105 2223 200 2276 perro
214 2206 337 2275 penitus
350 2209 506 2273 penetrate
525 2207 622 2261 retexi
639 2233 672 2244 -
692 2205 772 2261 Nota
792 2204 846 2263 ehe
866 2205 894 2262 le
913 2208 958 2261 tre
978 2203 1059 2272 parti
1077 2202 1107 2259 di
1126 2208 1233 2271 queste

111 2279 204 2334 branc
229 2293 284 2333 sen
308 2278 388 2331 tutte
409 2275 551 2331 cestruite
572 2277 777 2347 egnalmente3
797 2277 892 2344 prims
919 2274 935 2333 ὸ
960 2293 1096 2344 espressa
1115 2274 1145 2331 la
1165 2293 1233 2331 een·

109 2348 237 2417 diziene,
258 2347 307 2415 pei
327 2347 488 2404 enunciare
512 2346 637 2404 l'essere
659 2348 714 2405 che
732 2348 763 2405 in
784 2366 849 2405 essa
869 2350 892 2404 si
914 2355 1009 2416 treva,
1028 2348 1078 2415 pei
1096 2364 1158 2403 una
1183 2365 1234 2415 ag·

110 2422 217 2490 giunta
243 2420 299 2476 che
323 2435 456 2475 aceensa
481 2417 510 2474 al
532 2436 614 2476 cerne
639 2421 668 2476 vi
697 2421 722 2477 si
747 2419 833 2477 trevi.
853 2420 902 2477 Me
926 2417 1069 2488 riguarde
1089 2435 1107 2475 a
1127 2424 1232 2486 queste

109 2492 266 2561 aggiuntc,
292 2490 343 2547 nel
369 2491 464 2558 prime
489 2507 567 2559 cese,
594 2490 773 2561 dell'ateme‚
804 2492 947 2549 Luerezie
976 2491 1181 2548 s’cccententa
1202 2490 1230 2546 di

110 2564 292 2621 richiamare
318 2562 337 2617 11
364 2560 415 2629 git
438 2561 573 2631 spiegute
600 2565 741 2634 (querum
763 2571 905 2620 viaturam
933 2564 1114 2623 ostendimus
1133 2563 1233 2631 aere),-

109 2635 159 2693 nel
177 2632 309 2692 seconde
329 2650 399 2690 case
422 2632 592 2701 l’sggiunta
618 2652 677 2691 nen
697 2633 713 2692 ὸ
732 2635 763 2691 in
782 2635 873 2692 fende
900 2635 954 2692 che
978 2653 1038 2691 une
1057 2634 1232 2702 ripetiziene

110 2707 158 2765 del
184 2706 269 2764 detto
297 2704 402 2774 prima,
428 2704 482 2763 che
507 2705 535 2763 le
558 2706 737 2774 espressieni
760 2714 859 2765 enecet
878 2711 1022 2764 intectum
1041 2724 1057 2762 e
1077 2724 1136 2764 een
1163 2705 1233 2776 feen-

109 2783 193 2849 nitur·
217 2779 255 2835 eb
281 2780 343 2834 ictu
369 2795 441 2834 sene
468 2778 648 2845 esprcssieni
674 2778 819 2836 sinenime
847 2778 875 2835 di
902 2797 1004 2850 erepere
1023 2779 1189 2850 picearum,
1216 2797 1233 2834 n

109 2867 197 2908 mene
217 2850 274 2907 che
295 2848 316 2904 11
334 2856 433 2906 nequet
452 2854 595 2907 intectum
614 2868 672 2907 nen
693 2852 717 2906 si
738 2851 838 2919 veglia
857 2850 1025 2908 intendcrle
1041 2850 1072 2906 in
1089 2869 1130 2907 un
1146 2867 1232 2907 sense

110 2923 162 2991 pin
181 2921 335 2979 intensive
357 2918 400 2977 “d
420 2920 450 2977 di
469 2939 523 2977 sua
542 2925 651 2978 natura
671 2922 849 2991 intangibile
865 2945 896 2992 „3
915 2924 963 2979 nel
984 2928 1065 2979 terzo
1082 2939 1150 2979 ease
1162 2920 1233 2989 Pag-

110 2995 217 3062 giunta
236 2992 254 3050 ὲ
275 2991 432 3060 dapprime
453 2992 635 3060 tautologies
656 2994 727 3061 (een
748 3001 790 3052 est
809 3001 895 3051 extre
914 2997 981 3066 quis
1001 2996 1080 3052 letus
1100 3011 1155 3065 que
1174 2992 1234 3064 elif·

110 3066 257 3136 seminet),
277 3081 326 3121 ma
340 3064 389 3132 pei
404 3065 443 3121 ha
459 3083 499 3120 un
513 3064 640 3121 termine
660 3066 714 3123 che
730 3068 878 3135 completa
895 3067 915 3123 11
932 3069 1068 3124 concctte
1086 3068 1154 3134 (nec
1170 3083 1232 3121 eer-

108 3156 186 3208 pera
201 3155 278 3208 quae
287 3139 406 3206 possint
421 3136 574 3205 incidere),
586 3137 606 3192 11
620 3138 690 3205 qual
705 3139 830 3195 termine
843 3138 914 3207 pere
927 3157 984 3196 nen
998 3154 1049 3194 era
1064 3137 1233 3193 necessarie

110 3209 160 3266 nei
180 3209 277 3277 primo
297 3208 457 3265 enunciato
474 3209 557 3277 (812),
572 3207 682 3276 perche
698 3210 727 3266 la
745 3229 907 3267 maneanzs
926 3210 955 3266 di
970 3210 1049 3267 iocus
1065 3208 1232 3265 all'infueri

110 3280 159 3338 del
179 3285 260 3338 tutte
281 3279 402 3347 implica
427 3280 698 3338 necessariamente
717 3283 812 3339 anche
832 3282 861 3338 la
889 3299 1053 3338 maneenza
1073 3279 1102 3337 di
1122 3280 1234 3339 cedesti

110 3352 203 3421 eorpi.
279 3380 311 3390 -
328 3351 390 3408 811.
410 3350 447 3408 ab
466 3351 787 3410 stimulandum
805 3356 848 3411 99.
920 3383 952 3392 -
971 3352 1034 3407 812.
1051 3357 1099 3415 sit,
1118 3358 1234 3409 mentre

109 3425 207 3494 prima
223 3430 304 3490 sunt,
320 3428 406 3493 suet;
424 3422 470 3481 eid
486 3423 540 3480 che
553 3423 594 3480 he
610 3424 724 3481 indette
744 3424 763 3480 11
782 3426 902 3482 Lachm.
918 3444 936 3483 a
953 3443 1131 3494 eerreggere
1145 3425 1174 3480 in
1191 3425 1234 3495 fit,

110 3515 126 3554 e
141 3497 170 3553 Ιο
184 3514 278 3564 segue
300 3495 320 3551 il
337 3494 457 3563 Munr03
471 3513 518 3551 me
533 3493 581 3552 e’d
597 3500 636 3553 eit
650 3497 745 3553 anche
759 3497 786 3554 V
800 3498 859 3554 359.
873 3528 907 3536 —
921 3497 981 3555 Ofr.
997 3497 1106 3554 Vrsae
1121 3515 1232 3564 inqmm

110 3569 187 3626 inaii
204 3568 239 3637 fit
257 3570 343 3636 cepic
363 3569 481 3624 circum.
501 3567 577 3624 Eun.
596 3567 678 3624 Aen.
691 3567 744 3624 437
757 3587 808 3626 uec
823 3571 999 3639 respirandi
1011 3570 1044 3640 fit
1064 3571 1156 3639 copie.
1177 3568 1231 3625 Or.

111 3639 181 3696 Met.
199 3639 229 3695 11
247 3641 298 3696 157
312 3637 396 3710 facte
410 3644 452 3694 eat
466 3641 602 3695 immensi
614 3642 697 3710 copie
711 3641 823 3698 incedi.
899 3671 927 3679 -
944 3641 1005 3698 814.
1023 3658 1114 3712 neque
1130 3646 1235 3710 exirm

110 3710 247 3767 maniera
266 3728 326 3768 nen
347 3709 539 3777 infrequente
566 3710 597 3765 in
622 3711 716 3769 latine
739 3711 768 3768 di
793 3712 945 3769 sestituire
973 3732 1034 3770 una
1059 3711 1235 3770 ecerdinatn

110 3782 172 3839 aila
185 3781 369 3850 dipendente
384 3781 525 3851 relativs3
541 3802 569 3829 =
581 3789 666 3839 extre
678 3802 763 3853 quam
778 3784 881 3842 nulius
895 3792 936 3842 est
950 3786 1037 3843 locus.
1093 3813 1128 3822 ·-
1140 3784 1201 3839 815.
1215 3784 1234 3839 11

111 3871 194 3922 segg.
211 3853 228 3912 ὸ
246 3872 296 3912 ree
314 3853 344 3909 di
365 3854 428 3919 813,
448 3852 503 3909 che
522 3850 538 3909 ὸ
557 3854 606 3921 pei
626 3859 788 3912 centenute
808 3856 903 3913 anche
922 3857 953 3913 in
973 3874 1088 3914 suenum
1104 3874 1233 3913 erinene-

111 3944 335 3996 rum=emne;
353 3943 370 3982 e
389 3929 497 3992 questa
516 3942 630 3982 stimme
650 3944 833 3983 siemmerum
855 3926 871 3985 e
893 3929 938 3996 pei
961 3927 1054 3997 l’egg.
1075 3927 1233 3985 settintese

112 3997 141 4054 di
157 3998 289 4056 incidere
305 3995 504 4055 edisseieere.
553 4025 587 4035 -
604 3997 782 4069 diffuqieni3
798 3999 846 4055 nel
862 3999 888 4055 V
902 4002 1066 4058 dissiliant.
1121 4028 1151 4038 -
1168 4002 1235 4070 quis

111 4069 137 4136 (e
157 4068 207 4127 nel
223 4069 249 4127 V
265 4070 340 4142 qui),
360 4075 477 4125 mentre
490 4066 726 4137 s’aspetterebbe
741 4071 824 4126 eitius
837 4089 853 4128 ο
868 4075 1032 4143 quisquam.
1052 4071 1160 4128 Munrc
1175 4071 1234 4127 cite

112 4141 201 4198 simili
216 4141 338 4212 esempi,
353 4139 414 4198 Cic.
431 4139 563 4197 Deerat.
578 4140 593 4196 I
610 4142 651 4198 14.
664 4160 718 4212 pre
732 4141 804 4198 Sest.
823 4144 864 4198 32.
880 4143 989 4200 Cesare
1009 4143 1044 4199 B.
1059 4162 1080 4200 c.
1096 4143 1141 4200 111
1156 4145 1189 4198 73
1209 4145 1233 4195 3.

112 4211 236 4273 crede
252 4217 313 4274 Ait.
337 4212 411 4271 Vll
432 4211 458 4267 5.
480 4211 894 4271 hottmannessum.
911 4215 999 4284 arv
1017 4216 1091 4271 134.
1111 4214 1188 4270 vni
1210 4215 1233 4267 l.

112 4315 145 4324 -
164 4284 336 4361 conquesti
358 4284 444 4343 versi
463 4283 515 4338 cir.
533 4283 562 4339 in
583 4303 693 4353 genere
709 4285 740 4341 11
756 4288 808 4343 303
828 4305 890 4355 agg.
965 4317 996 4325 -
1010 4286 1062 4340 817
1077 4305 1139 4355 sgg.
1157 4282 1233 4341 veui
