3176 4698
455 320 603 401 LIBER
625 322 660 400 V
686 326 876 400 rear-1403
1158 328 1221 402 165

121 465 211 542 tibia
233 493 320 560 quas
343 470 459 545 fundit
482 473 604 564 digitis
628 473 766 566 pulsata
788 480 983 562 canentum,

121 568 205 641 avia
228 593 289 660 per
311 594 454 644 nemora
477 595 518 644 ac
540 572 646 647 silvas
670 573 847 665 saltusque
869 580 1015 664 reperta,

9 689 97 747 1385
122 666 283 757 per'loca
305 676 483 759 pastorum
507 670 644 744 deserta
666 679 770 763 atque
794 671 866 745 otia
889 671 957 743 dia.

122 765 133 854 ll
159 765 209 838 sic
232 790 340 857 unum
363 769 529 858 quicquid
553 769 721 860 paulatim
745 768 922 860 protrahit
940 774 1035 842 aetas

122 866 160 937 in
183 865 337 938 medium
360 867 518 958 ratioque
541 869 577 940 in
601 868 743 942 luminis
766 869 872 958 erigit
894 891 982 941 oras.
1001 868 1011 956 ll

122 963 209 1037 hacc
232 966 367 1038 animos
390 964 468 1039 ollis
491 966 690 1040 mulcebant
713 973 818 1058 atquc
841 965 1010 1038 iuvabant

124 1088 203 1138 cum
227 1064 351 1138 satiate
375 1065 458 1138 cibi:
482 1089 563 1138 narn
589 1072 663 1138 tum
687 1073 769 1140 sunt
792 1062 948 1138 carmina
971 1062 1078 1138 cordi.

16 1183 99 1240 1390
123 1187 224 1255 saepe
247 1164 365 1254 itaque
388 1164 479 1236 inter
502 1189 538 1238 se
561 1166 727 1256 prostrati
750 1165 787 1236 in
810 1164 970 1255 gramine
993 1162 1089 1235 molli

124 1268 398 1354 propter'aquac
422 1263 533 1336 rivom
560 1264 623 1337 sub
647 1262 755 1336 ramis
782 1261 916 1335 arboris
940 1261 1031 1334 altae

123 1384 193 1433 non
216 1361 354 1452 magnis
378 1361 501 1452 opibus
523 1361 673 1435 iucunde
697 1384 840 1452 corpora
863 1360 1048 1451 habebant,

123 1460 326 1550 praesertim
351 1483 428 1532 oum
453 1467 639 1552 tempestas
662 1459 797 1532 ridebat
821 1459 961 1532 stanni

122 1564 281 1649 tempora
303 1557 497 1649 pingebant
519 1558 706 1632 viridantis
729 1557 872 1631 floribus
896 1557 1031 1634 herbas.

19 1679 100 1738 1395
123 1664 199 1728 tum
223 1655 308 1746 ioca,
333 1664 407 1729 tum
432 1680 555 1748 sermo,
577 1665 652 1729 tum
677 1656 793 1729 dulces
816 1680 890 1729 esse
914 1655 1073 1728 cachinni

123 1764 340 1829 consuerant.
364 1756 513 1847 agrestis
536 1756 630 1830 eninr
654 1764 729 1829 tum
753 1780 853 1829 musa
875 1755 1036 1844 vigebat:

122 1860 197 1927 tum
221 1863 325 1947 caput
348 1862 452 1947 atque
475 1879 611 1929 umeros
635 1855 748 1946 plexis
770 1854 932 1927 redimire
955 1853 1090 1926 coronis

123 1952 266 2026 floribus
289 1960 324 2025 et
345 1954 438 2027 foliis
460 1954 606 2029 lascivia
630 1954 723 2027 laeta
746 1954 919 2035 monebat,

123 2057 228 2141 atque
252 2059 353 2125 extra
375 2077 558 2127 numerum
582 2053 766 2145 procedere
791 2052 946 2126 membra
969 2055 1146 2124 moventes

20 2180 99 2235 1400
123 2148 257 2223 dunter
279 2157 313 2223 et
336 2151 423 2224 duro
446 2159 576 2225 terram
600 2152 685 2242 pede
709 2150 835 2242 pellere
859 2156 1028 2239 matrcm3

122 2249 213 2321 unde
237 2249 439 2324 oriebantur
462 2252 552 2324 risus
576 2251 760 2343 dulcesque
783 2249 956 2341 cachinni,

123 2348 240 2421 omnia
263 2349 355 2440 quod
377 2374 468 2424 nova
491 2358 567 2424 tum
589 2351 704 2441 magis
727 2346 813 2422 has'c
836 2356 872 2422 et
894 2348 985 2422 mira
1008 2346 1186 2438 vigebant.

122 2454 158 2519 et
180 2447 411 2538 vigilantibus
433 2450 516 2523 hinc
538 2449 684 2522 aderant
707 2448 837 2522 solacia
861 2470 991 2536 somno,

93 2748 198 2814 posteo
219 2749 316 2802 cetera
334 2745 437 2803 studia
462 2752 544 2803 rectu
562 2750 649 2817 utque
674 2746 807 2817 honesto,
825 2762 882 2816 per·
904 2747 997 2803 otium
1021 2741 1223 2801 concelebrato

99 2823 137 2881 ab
152 2828 280 2896 optimis,
292 2829 443 2885 enituisse.
517 2857 547 2865 -
563 2827 641 2884 1981.
658 2826 748 2896 Verg.
769 2826 819 2884 001.
834 2826 864 2883 ΙΙ
879 2827 914 2883 36
929 2824 1103 2896 disparibus
1116 2830 1223 2894 septem

99 2903 247 2967 compacta
260 2901 365 2956 0100110
380 2898 510 2956 Fistula.
584 2898 717 2956 -1981,
732 2901 904 2957 minutatim
922 2896 934 2922 ¹⁴
950 2914 969 2954 a
984 2914 1058 2966 poco
1074 2914 1092 2953 a
1108 2913 1182 2965 poco
1194 2918 1222 2967 ,3

99 2966 149 3036 gib
165 2969 241 3028 visto
254 2970 283 3027 al
295 2990 322 3029 v.
335 2971 400 3028 1291
416 2989 432 3029 e
445 2971 561 3028 ritorna
572 2971 650 3029 1432.
658 2970 703 3028 VI
714 2972 792 3028 1189.
802 2969 863 3028 cfr.
879 2969 956 3027 Beli.
967 2967 1037 3040 Afr.
1051 2971 1224 3025 minutatim

98 3057 129 3096 oe
146 3044 283 3113 recipcre.
355 3042 886 3115 -quercltas-t-v.l383=V1582
902 3059 944 3110 sg.
1018 3039 1145 3097 -1985,
1161 3043 1223 3097 otia

100 3111 169 3183 dica·
187 3110 259 3171 data
278 3114 307 3172 la
326 3115 541 3184 trasposizione
561 3115 616 3173 che
641 3115 678 3173 ho
697 3119 848 3184 proposta,
868 3111 919 3172 c‘b
938 3112 1019 3170 forse
1038 3112 1069 3169 in
1089 3115 1151 3169 otia
1170 3111 1223 3168 dia

30 3195 34 3203 ·
99 3181 272 3243 un’ironica
294 3186 450 3257 allusione,
469 3203 523 3257 per
548 3190 709 3258 contrusio,
734 3186 795 3257 agli
814 3184 931 3255 uggicsi
961 3187 1022 3242 otia
1041 3182 1090 3240 dei
1110 3183 1222 3253 uigiles.

99 3255 151 3313 clia
175 3260 238 3315 otia
259 3257 296 3314 “i
316 3257 410 3317 divini
429 3259 502 3329 ozi,
526 3257 589 3317 0109
612 3258 646 3315 “i
661 3260 743 3317 beati
763 3259 837 3329 ozi,
860 3257 912 3315 cfr.
933 3257 985 3313 dio
1004 3255 1147 3326 uoluptas,
1167 3255 1220 3311 dia

99 3332 245 3387 scuuutia
270 3326 402 3388 Catonis.
424 3330 450 3388 Il
475 3330 601 3402 Munro,
616 3328 835 3388 confrontaado
861 3330 929 3386 dius
954 3330 986 3384 iu
1007 3327 1132 3384 luminis
1151 3344 1222 3384 orac

100 3399 127 3466 (Ι
147 3400 203 3470 22),
228 3408 363 3471 sospstta
387 3406 449 3460 otia
467 3403 520 3460 dia
536 3424 568 3447 =
585 3406 647 3460 otia
666 3403 720 3460 sub
744 3404 819 3466 diuo,
838 3417 952 3470 oppure
981 3398 1079 3457 “that
1098 3402 1221 3466 strange
1341 3408 1346 3417 ·

99 3470 158 3528 and
176 3474 400 3540 preternatural
425 3473 537 3532 silence
563 3473 623 3532 and
642 3492 776 3544 reposo„
803 3474 857 3531 ohe
877 3472 1006 3530 uariam
1025 3490 1053 3541 p.
1069 3487 1110 3528 es.
1129 3474 1223 3552 attra3¹

100 3544 256 3615 versando,
274 3545 305 3602 in
320 3564 381 3603 una
397 3545 477 3604 bella
492 3549 641 3616 gioraata,
657 3546 699 3616 gli
714 3545 852 3613 altipiani
868 3542 1079 3602 dell’Arcadia.
1100 3542 1166 3600 Non
1183 3557 1221 3598 nu

100 3633 180 3683 pare.
263 3617 389 3672 -1989
409 3620 584 3687 sg.:1452
609 3636 652 3687 sg.
674 3637 701 3675 v.
723 3636 822 3688 sopra.
900 3646 932 3655 -
957 3615 1040 3673 1989.
1064 3631 1131 3671 mss.
1150 3631 1221 3670 natu

100 3693 160 3744 tum
179 3693 251 3746 suut
266 3693 367 3746 omnic
381 3691 473 3748 cordi.
493 3689 519 3747 Il
535 3691 652 3759 Munro,
671 3689 798 3748 secondo
813 3688 965 3747 un'antica
981 3693 1131 3757 proposes,
1150 3703 1222 3745 uum

100 3759 250 3817 tambaco
269 3767 339 3819 suut
358 3765 459 3819 omniu
484 3763 575 3820 cordi.
606 3762 709 3832 'lengo
733 3779 787 3831 per
806 3762 905 3819 sioura
928 3760 958 3818 la
982 3759 1152 3817 corrosione
1173 3755 1221 3814 del

99 3831 274 3890 Lachmann
300 3833 457 3905 (Bernays
481 3833 619 3903 Brieger)
643 3837 781 3892 carmina
809 3835 914 3892 invece
942 3831 971 3889 di
991 3833 1101 3899 omnia,
1124 3828 1180 3887 ohe
1205 3827 1221 3885 b
1260 3840 1266 3853 ¹

99 3903 330 3963 raccomandata
347 3906 444 3963 unche
463 3904 545 3964 dalla
563 3905 794 3964 allitterazione.
866 3933 901 3944 -
919 3899 1090 3959 rato-laos.
1110 3899 1149 3958 of
1164 3940 1171 3954 .
1190 3899 1222 3957 Il

99 3977 188 4034 29-33.
262 4007 297 4017 -
316 3978 386 4033 1995
404 3995 468 4047 sgg.
487 3977 595 4036 Orazio
614 3975 809 4036 descriuendo
829 3976 965 4045 l’origine
984 3973 1031 4033 del
1047 3971 1221 4031 fescennino

99 4046 206 4120 (Epist.
228 4048 258 4106 [1
278 4050 360 4107 1139
378 4051 453 4119 sgg.)
471 4067 564 4119 segue
584 4048 738 4108 l'autoritb
752 4049 781 4106 di
794 4049 941 4119 Varrone,
960 4045 1104 4104 mahein
1121 4049 1221 4101 mente

98 4120 193 4179 anche
212 4121 310 4189 questi
329 4123 409 4179 versi
429 4120 458 4177 di
478 4121 631 4180 Lucrezio.
708 4153 736 4161 --
762 4121 845 4175 1998.
864 4121 946 4179 Nota
975 4118 1040 4191 flor.
1066 4116 1125 4188 for.
1150 4116 1220 4173 lasa.

99 4192 164 4249 luet.
188 4211 204 4250 e
226 4195 296 4251 1400
315 4194 408 4252 decrit.
428 4199 455 4250 et
473 4194 550 4252 duro
564 4195 631 4265 ped.
644 4193 712 4265 pell.
785 4224 820 4232 —
838 4194 919 4249 1999.
933 4190 992 4249 (tic.
1025 4189 1111 4247 arod.
1126 4188 1221 4245 11126

98 4264 206 4323 lauto
224 4267 254 4322 si
266 4266 395 4337 paulum
413 4282 443 4323 se
461 4268 550 4323 iacuit
569 4273 655 4323 extra
674 4283 838 4324 numerum.
924 4293 956 4305 -
984 4263 998 4317 1
1056 4303 1062 4317 .
1088 4260 1220 4333 uigilau-
