3168 4698
383 330 448 401 262
693 326 759 399 DE
781 325 956 400 RERUM
978 323 1188 400 NATURA

404 494 491 562 quas
514 468 695 542 hominnm
719 468 869 542 reddunt
892 469 1000 542 facies
1023 468 1205 561 qualisque
1229 467 1380 542 colores!

404 594 518 644 nonne
542 568 639 642 vides
663 567 807 641 audisve
831 568 944 661 perire
967 567 1004 640 in
1028 577 1182 659 tempore
1205 591 1315 658 parvo

232 754 235 763 A
405 691 509 759 quam
533 666 675 755 soleant,
699 673 733 738 et
757 691 863 757 quam
887 666 975 740 vitai
998 667 1098 758 copia
1121 666 1220 754 desit,

328 784 381 841 sto
405 789 490 857 qnos
513 790 613 856 opere
634 765 672 837 in
695 764 758 837 tali
782 764 919 838 cohibet
941 766 995 839 vis
1019 788 1149 855 magna
1171 765 1344 838 necessis?

404 865 467 937 hoe
490 864 601 953 igitur
625 863 727 936 tellus
751 863 864 937 omnis
887 869 1069 937 exaestuat
1093 870 1208 937 aestus

404 962 610 1053 expiratque
633 960 726 1034 foras
749 961 787 1033 in
812 968 971 1052 apertum
993 968 1221 1055 promptaque
1244 960 1342 1032 caeli.
1455 971 1457 975 '

449 1060 507 1132 Sic
530 1068 564 1132 et
588 1060 733 1133 Averna
756 1059 833 1132 loca
856 1060 999 1133 alitibus
1022 1058 1240 1133 summittere
1263 1058 1395 1131 debent

404 1159 620 1232 mortiferam
643 1158 726 1242 vim,
751 1158 792 1230 de
816 1165 911 1231 terra
935 1182 1023 1248 qnae
1046 1159 1162 1250 surgit
1185 1159 1222 1230 in
1246 1181 1363 1245 auras,

327 1277 380 1335 820
403 1264 442 1330 ut
465 1257 617 1349 spatium
642 1256 730 1330 caeli
753 1256 903 1348 quadam
928 1257 970 1330 de
994 1264 1096 1348 parte
1121 1262 1278 1343 venenet,

403 1380 471 1448 quo
494 1354 664 1429 simulac
687 1355 837 1445 primum
864 1355 986 1445 pennis
1009 1356 1126 1428 delata
1149 1355 1195 1428 sit
1218 1353 1300 1441 ales,

402 1455 612 1546 impediatur
636 1455 686 1528 ibi
710 1478 811 1527 caeco
835 1461 996 1546 correpta
1019 1478 1162 1536 ueneno,

356 1550 359 1556 ’
402 1562 442 1625 ut
466 1554 568 1626 cadat
592 1578 610 1626 e
633 1553 774 1643 regione
797 1553 873 1642 loci,
899 1577 969 1643 qua
991 1553 1120 1645 derigit
1142 1558 1268 1625 aestus.

403 1676 471 1743 quo
494 1677 573 1725 cum
597 1653 744 1740 conruit,
768 1652 826 1724 hic
849 1653 971 1724 eadem
995 1652 1050 1725 vis
1073 1651 1168 1725 illins
1191 1657 1308 1724 aestus

327 1769 380 1825 8⁶25
403 1751 569 1841 reliquias
592 1751 687 1824 vitae
712 1750 876 1823 membris
900 1773 944 1822 ex
967 1750 1127 1822 omnibus
1151 1748 1276 1821 aufert.

402 1849 527 1940 quippe
551 1849 677 1922 etenim
701 1849 814 1939 primo
837 1848 939 1940 quasi
961 1849 1133 1940 quendam
1158 1847 1291 1921 conciet
1315 1854 1468 1920 aestum:

402 1947 571 2036 posterius
594 1947 635 2019 fit
656 1947 720 2033 uti,
744 1971 823 2020 cnm
846 1948 917 2019 iam
941 1948 1093 2020 cecidere
1117 1945 1240 2019 veneni

401 2045 438 2115 in
461 2044 567 2117 fontis
587 2045 688 2135 ipsos,
713 2045 763 2117 ibi
786 2045 831 2137 eit
855 2068 990 2136 quoque
1013 2045 1088 2116 vita
1111 2044 1281 2118 vomenda

401 2149 583 2232 propterea
605 2144 697 2234 quod
721 2167 851 2233 magna
874 2143 958 2215 mali
981 2142 1021 2215 fit
1044 2143 1143 2233 copia
1165 2142 1305 2214 circum.

326 2260 378 2315 830
445 2240 505 2311 Fit
524 2265 660 2332 quoquc
679 2250 718 2314 ut
737 2240 911 2314 interdum
931 2241 984 2315 vis
1003 2242 1089 2313 haec
1108 2250 1211 2333 atque
1230 2247 1347 2313 aestus
1367 2239 1502 2312 Averni

379 2457 523 2516 Necessus
538 2465 580 2516 est
594 2475 715 2517 nomen:
726 2476 797 2516 nanu
810 2476 944 2516 necessus
954 2458 1000 2527 [et
1012 2456 1144 2529 necesse]
1154 2461 1282 2515 accessis
1295 2464 1323 2516 et
1338 2463 1500 2517 necessitas

379 2536 405 2587 et
418 2548 566 2588 necessum
583 2531 686 2588 lectum
700 2536 751 2595 est,
768 2548 784 2586 e
801 2528 851 2586 dal
865 2536 958 2587 senat.
974 2548 1051 2588 cons.
1065 2531 1099 2587 ele
1114 2529 1271 2587 baecken:
1284 2538 1427 2589 necessus
1442 2550 1500 2590 esse

376 2605 427 2667 (Ξ
437 2605 622 2659 necessitatis
635 2608 719 2669 esse),
728 2600 806 2659 eolla
819 2602 919 2659 antica
933 2601 1030 2659 forma
1042 2601 1071 2659 di
1083 2601 1174 2671 genii.
1188 2619 1324 2659 necessus
1337 2621 1394 2671 per
1408 2621 1500 2661 neces

377 2677 429 2744 sis,
447 2692 466 2730 a
485 2673 554 2742 quel
576 2672 661 2731 modo
676 2673 731 2730 che
751 2672 781 2730 la
799 2678 897 2731 stessa
914 2672 1069 2731 iscrizione
1089 2673 1129 2731 ba
1147 2676 1287 2731 nominus
1306 2673 1426 2734 Latini.
1447 2674 1498 2733 chi

376 2744 477 2814 voglia
497 2762 674 2803 conservare
700 2751 850 2814 necessest,
873 2744 949 2803 deve
976 2745 1121 2803 cestrnire
1147 2763 1235 2817 quarn
1260 2754 1408 2804 necessest
1426 2750 1501 2804 citui

377 2819 461 2887 copia
477 2818 553 2874 desit
571 2835 643 2887 quos
657 2819 702 2874 eis
716 2834 828 2887 mapna
844 2817 954 2875 cohibet
973 2819 1006 2874 in
1026 2817 1085 2874 tali
1097 2835 1201 2888 opera·
1218 2835 1267 2874 ma
1286 2835 1413 2877 asserva
1433 2836 1500 2877 acu·

376 2892 509 2946 tamenta
529 2890 548 2945 il
569 2887 690 2946 Lacbm.
710 2888 765 2945 obe
785 2887 846 2946 cosl
862 2886 879 2945 b
898 2893 978 2946 rotta
997 2888 1028 2945 le
1043 2888 1230 2957 dipendenza
1245 2888 1284 2946 da
1303 2907 1405 2948 nonne
1420 2892 1500 2948 uides

353 3016 357 3021 .
377 2961 508 3027 animae,
525 2980 541 3017 e
557 2960 585 3018 n'
596 2977 747 3017 avremmo
762 2977 823 3016 nna
838 2959 1055 3018 esclamezione
1071 2959 1253 3018 incidentale
1268 2960 1317 3018 del
1334 2967 1437 3032 poeta,
1450 2962 1499 3032 qni

376 3031 483 3090 affatto
493 3034 562 3090 fuer
574 3031 604 3088 di
617 3032 722 3101 luogo;
736 3049 752 3088 e
764 3031 874 3089 inoltre
888 3034 969 3089 resta
981 3031 1213 3090 indeterminata
1226 3031 1335 3090 affatio
1348 3033 1380 3090 la
1389 3052 1498 3105 maana

376 3107 428 3160 cis.
483 3135 516 3145 -
531 3104 591 3162 elo.
606 3104 670 3161 bos.
680 3147 704 3160 ..
719 3109 841 3175 aestus,·
858 3121 918 3161 non
932 3104 1030 3173 questi
1047 3103 1144 3161 ultimi
1157 3103 1222 3161 soli.
1275 3133 1312 3144 -
1325 3104 1390 3162 817.
1403 3124 1498 3176 prone·

371 3182 427 3246 pta
447 3176 541 3243 caeli,·
560 3193 642 3233 come
661 3175 765 3232 clausu
784 3175 944 3238 munuca,
964 3177 1087 3233 caerula
1107 3176 1184 3233 caeli
1201 3181 1257 3233 etc.
1276 3175 1338 3234 on.
1360 3178 1433 3235 1265
1449 3196 1498 3248 po·

375 3248 460 3314 nuli.
475 3292 480 3303 .
496 3293 501 3304 .
517 3249 581 3306 loca
592 3253 736 3318 prompta.
816 3277 840 3284 -
859 3246 995 3304 Sit-8¹29.
1009 3247 1078 3305 Una
1091 3246 1207 3305 siffatta
1222 3247 1396 3306 esalazione
1410 3250 1497 3318 pesti·

374 3319 502 3377 lenziale
515 3318 531 3377 b
546 3319 583 3376 da
595 3323 771 3376 ammettere
789 3318 837 3376 nei
853 3318 1095 3377 cooaeternus
1111 3319 1162 3388 qui
1177 3320 1196 3376 il
1209 3324 1301 3389 poeta
1316 3321 1341 3376 si
1356 3320 1496 3378 sofferma

375 3391 519 3459 alquanto
539 3411 557 3447 a
571 3390 739 3448 descrivere
752 3389 783 3445 la
796 3396 891 3448 morte
907 3390 937 3447 di
953 3390 1065 3449 codesti
1078 3390 1195 3460 uccelli,
1210 3408 1266 3449 oon
1280 3393 1350 3459 quel
1366 3410 1456 3450 senso
1469 3391 1496 3449 di

375 3463 515 3520 tristezza
533 3481 550 3520 e
569 3462 708 3530 simpatia
727 3461 782 3518 che
797 3462 875 3519 altre
891 3462 972 3520 volte
988 3463 1129 3521 abbiamo
1144 3462 1221 3521 visto
1237 3464 1268 3520 in
1284 3463 1328 3519 lui
1343 3463 1495 3521 virissimo

374 3552 461 3592 verso
474 3535 515 3604 gli
529 3535 660 3591 animali.
714 3561 749 3572 -
766 3533 828 3591 als.
842 3536 1011 3591 etzettam
1019 3556 1031 3605 ,·
1045 3553 1179 3604 neppure
1195 3553 1214 3591 a
1230 3538 1338 3603 questa
1351 3535 1495 3594 evidcnze

374 3606 526 3664 s'arrende
551 3606 572 3663 il
591 3605 712 3663 Lachm.
738 3605 861 3674 elegge
882 3625 932 3675 ea3
959 3625 1006 3663 ma
1025 3625 1085 3664 non
1112 3605 1128 3664 b
1152 3607 1270 3674 segnito
1290 3625 1428 3677 neppure
1448 3607 1494 3664 aar

373 3678 462 3735 Bcrn.
500 3677 605 3735 -820,
615 3677 745 3749 pandam
756 3678 792 3734 de
805 3683 891 3747 parte
908 3682 919 3705 “
933 3696 986 3746 per
999 3696 1041 3735 un
1054 3686 1136 3737 certo
1151 3681 1243 3736 tratto
1257 3719 1279 3749 ,.
1317 3708 1355 3718 -
1365 3678 1430 3733 821.
1442 3697 1493 3750 pao

377 3771 405 3797 =
425 3756 451 3806 et
470 3767 518 3820 eo;
545 3768 599 3818 per
627 3748 714 3807 modo
740 3749 795 3806 che
826 3750 1008 3820 impediatur
1035 3749 1164 3818 dipende
1192 3767 1304 3809 ancora
1330 3748 1444 3808 dall’nt
1467 3748 1494 3806 di
1562 3786 1563 3817 r

373 3823 434 3878 820.
506 3851 542 3859 —
561 3821 720 3891 deripit:
736 3839 765 3877 se
790 3822 901 3891 deripit
923 3821 988 3889 (cfr.
1016 3822 1078 3880 bell.
1099 3821 1186 3893 Hisp.
1204 3823 1239 3880 29
1263 3822 1335 3880 binc
1355 3824 1494 3892 deripens

369 3895 510 3962 proxima
522 3892 667 3963 planities
680 3892 893 3963 aequabatur),
907 3893 1028 3962 dunque
1043 3894 1135 3963 lungo
1147 3894 1177 3951 la
1190 3897 1286 3952 stesso
1300 3894 1389 3965 linea,
1403 3913 1452 3951 ma
1464 3893 1493 3949 in

373 3972 460 4022 senso
472 3964 600 4022 inverso.
671 3992 706 4002 -
717 3964 783 4020 826.
799 3970 913 4022 aestum
930 3965 942 3989 ‘⁶
952 3965 1133 4024 eccitazione
1149 3987 1178 4036 ,3
1194 3965 1248 4024 cfr.
1260 3965 1308 4023 III
1322 3968 1375 4024 173
1388 3967 1494 4025 inentis

373 4039 427 4107 qui
437 4039 576 4106 pinnitur
588 4041 687 4093 aestus
694 4056 706 4107 ,·
718 4036 771 4093 cfr.
781 4035 811 4093 la
824 4035 884 4094 fine
898 4036 928 4093 di
937 4038 989 4095 823
1000 4055 1016 4095 e
1027 4035 1057 4094 di
1067 4038 1133 4094 824:
1145 4038 1196 4106 qni
1206 4056 1320 4107 appare
1334 4038 1491 4096 manifesto

374 4109 394 4164 il
415 4108 566 4176 proposito
583 4106 612 4164 di
631 4105 796 4175 adoperare
815 4109 915 4166 vicino
933 4109 1032 4166 vicino
1051 4109 1081 4167 la
1101 4109 1261 4166 medesima
1280 4110 1388 4178 parole
1407 4111 1438 4168 in
1453 4108 1492 4166 di·

375 4197 461 4235 verso
475 4197 571 4236 senso.
643 4209 678 4218 -
694 4178 761 4235 829.
781 4178 833 4235 cfr.
851 4180 878 4237 V
894 4181 946 4238 359
962 4183 1034 4251 quia
1049 4180 1136 4238 nulla
1152 4181 1210 4239 loci
1223 4180 1257 4246 fit
1271 4185 1357 4251 copia
1373 4186 1491 4240 circium.

445 4249 584 4307 Sit-839.
604 4250 653 4308 Ma
681 4249 729 4309 c’t
752 4258 800 4308 un·
809 4251 891 4310 altra
910 4252 1116 4325 epiegazione:
1136 4252 1191 4315 che
1217 4251 1418 4317 l’esaleaione
1437 4252 1493 4315 sul·
1560 4272 1561 4315 t
