3160 4690
471 292 620 366 LIBER
643 291 678 365 V
703 293 850 366 ros-176
1179 299 1222 370 23

124 451 227 517 cetera
252 446 296 519 de
320 472 447 537 genere
471 447 536 521 hoo
558 448 738 538 adfingere
761 456 795 520 et
818 447 955 538 addere,
979 449 1132 537 Memmi,

67 560 105 616 165
123 543 316 633 desiperent.
341 546 425 637 quid
450 547 542 618 enim
566 547 810 621 inmortalibus
835 553 938 637 atque
962 548 1072 623 beatis

123 643 232 732 gretia
256 646 379 717 nostra
402 652 508 736 queat
531 645 697 735 largirier
720 645 955 731 emolumenti,

120 748 154 813 ut
173 750 300 815 nostra
323 743 510 835 quicquam
536 768 641 818 causa
664 745 784 835 gerere
808 744 1089 834 adgrediuntur?

122 839 243 929 quidve
268 843 352 914 novi
375 843 488 932 potuit
510 848 608 915 tanto
632 851 710 933 post
733 849 813 915 ante
837 843 971 932 quietos

65 956 103 1011 loe
121 937 257 1012 inlicere
281 947 322 1011 ut
344 947 511 1031 cuperent
534 941 643 1013 vitam
667 949 803 1014 mutare
826 941 1002 1030 priorem?

65 1054 103 1108 171
121 1062 196 1110 nam
220 1039 375 1128 gaudere
398 1041 498 1113 novis
520 1040 625 1112 rebus
649 1039 771 1113 debere
794 1039 935 1113 videtur

121 1137 171 1208 oui
195 1145 332 1210 veteres
355 1138 498 1211 obsunt:
523 1138 584 1212 sed
608 1139 664 1209 cui
688 1138 738 1210 nil
761 1138 890 1210 accidit
913 1139 1013 1228 aegri

121 1243 270 1326 tempore
294 1237 330 1311 in
354 1243 523 1326 anteacto,
549 1261 628 1309 eum
653 1236 796 1326 pulchre
819 1237 961 1326 degeret
984 1261 1116 1327 aevom,

75 1358 102 1414 11
121 1335 199 1425 quid
224 1336 337 1425 potuit
360 1336 526 1409 novitatis
550 1359 702 1407 amorem
725 1334 911 1407 accendere
934 1334 1020 1407 tali?

76 1456 102 1511 lo
121 1433 242 1524 quidve
267 1433 352 1506 mali
376 1434 489 1507 luerat
513 1434 613 1506 nobis
636 1458 710 1505 non·
727 1458 801 1507 esse
825 1433 976 1507 creatis?

75 1553 102 1608 71
120 1539 163 1619 at,
187 1531 301 1621 erede,
325 1533 362 1604 in
385 1532 536 1605 tenebris
560 1532 634 1605 vita
657 1556 699 1604 ao
724 1557 854 1605 merore
876 1533 1023 1621 iacebat,

75 1642 100 1696 71
120 1629 223 1702 donec
246 1629 376 1703 diluxit
399 1654 515 1703 rerum
539 1630 702 1720 genitalis
726 1631 842 1720 origo!

63 1357 72 1410 1

63 1454 73 1508 l

62 1552 71 1605 l

63 1643 70 1694 1

103 1809 308 1820 m

103 1924 283 1983 uncffettivo
303 1926 539 1984 sovrertimento
557 1925 638 1984 della
659 1925 815 1984 cressione
840 1924 950 1983 divine.
1022 1952 1058 1964 -
1079 1921 1144 1981 loe.
1168 1926 1219 1983 ad·

90 1995 203 2064 1779777
222 2003 249 2054 et
275 1997 386 2054 addere
407 1995 652 2068 “accumulare„
679 1998 787 2066 (errori
806 2016 896 2067 sopra
922 1996 1044 2063 errorll·
1071 2013 1154 2054 come
1174 1996 1216 2054 in·

30 2098 35 2105 ·
102 2067 172 2137 fatti,
190 2087 249 2126 non
268 2086 360 2127 senze
378 2069 558 2138 intenzione,
577 2071 617 2127 he
636 2070 827 2129 accumulata
851 2088 913 2127 una
935 2068 1012 2126 seris
1032 2041 1063 2124 di
1081 2068 1218 2138 opinioni

101 2141 265 2198 avverssris
281 2170 317 2180 -
330 2140 408 2210 dopo
420 2142 450 2198 la
463 2143 534 2211 qual
554 2143 631 2201 serie
647 2142 735 2200 vieno
754 2141 843 2210 pleno
856 2142 886 2199 di
898 2140 1040 2209 efficacia,
1053 2140 1149 2197 anche
1164 2158 1218 2208 per

100 2208 128 2268 la
140 2212 287 2279 posizione
297 2213 414 2278 isoleta,
427 2214 449 2271 il
462 2221 545 2273 corto
558 2216 692 2286 desipere
704 2220 755 2272 est.
800 2247 836 2256 —
849 2212 916 2270 los,
931 2212 1008 2282 (eoo)
1022 2217 1091 2269 ante
1105 2215 1218 2282 quietos

100 2291 207 2351 illicere
226 2300 310 2352 tanto
327 2300 402 2367 post,
420 2301 454 2352 at
472 2299 528 2353 etc.
603 2324 635 2334 -
656 2294 775 2350 11111172
796 2311 854 2352 ece.
878 2276 904 2351 11
923 2293 941 2350 l’
949 2291 1054 2351 ordine
1078 2291 1126 2349 dei
1147 2310 1215 2377 mss.

100 2366 252 2434 aragione
272 2366 425 2425 restituito
445 2366 496 2425 dal
513 2367 621 2426 Munro
641 2386 657 2424 e
677 2365 728 2424 dal
742 2366 882 2435 Brieger3
901 2361 1021 2422 1111172
1041 2361 1080 2421 da
1095 2380 1217 2447 propero

98 2433 126 2490 le
143 2438 265 2506 ragione
285 2436 316 2494 di
337 2440 395 2504 169,
415 2458 431 2496 e
450 2457 510 2497 non
530 2440 556 2496 si
574 2437 634 2508 pud
650 2437 852 2508 disgiungere.
873 2436 1048 2494 Lachmann
1065 2437 1094 2500 (e
1110 2435 1216 2504 qurndi

99 2504 237 2577 Berneys)
265 2509 306 2566 he
334 2512 508 2579 tresporteti
539 2512 591 2579 qui
619 2512 650 2568 in
678 2528 778 2568 mezzo
810 2510 925 2568 170172
955 2509 1023 2574 (con
1054 2514 1093 2577 ot,
1122 2509 1216 2573 eredo.

100 2595 114 2633 e
131 2597 217 2638 senza
234 2581 496 2652 interrogazione),
516 2580 626 2651 perche
655 2600 715 2640 non
733 2582 847 2640 restino
873 2598 963 2638 senza
982 2580 1111 2648 rispeste
1137 2579 1217 2648 (redi

100 2655 164 2708 note
182 2654 283 2717 also).
354 2683 392 2694 -
418 2654 478 2713 176.
503 2653 632 2712 secondo
661 2660 837 2723 argomento
869 2660 972 2711 contro
1003 2652 1033 2709 la
1061 2652 1217 2710 creazione

99 2720 241 2782 hominum
260 2743 372 2797 cousa;
389 2725 411 2782 il
430 2727 525 2795 primo
550 2744 602 2784 ere
628 2727 760 2797 lou-1673
783 2727 813 2782 in
836 2743 936 2782 mezzo
959 2722 1128 2793 sospitato
1153 2723 1216 2781 l'al·

99 2797 140 2851 tro
152 2794 294 2855 discorso:
315 2796 386 2865 quel
406 2799 530 2867 regione
544 2801 653 2867 potera
666 2798 715 2855 far
730 2796 903 2855 desiderare
919 2795 980 2865 egli
995 2794 1044 2852 dei
1063 2814 1104 2852 un
1123 2800 1217 2853 muta·

97 2871 198 2925 mento.
252 2897 290 2908 -
305 2868 432 2926 1711171.
446 2869 550 2938 Questi
566 2870 624 2927 due
638 2869 718 2927 versi
731 2869 799 2936 (che
813 2870 843 2927 in
857 2870 891 2927 L.
903 2869 958 2925 Bu.
972 2885 1026 2925 son
1039 2868 1217 2934 trasportati

97 2935 168 3004 dopo
181 2941 251 3010 169),
271 2958 344 2999 sono
356 2940 460 3000 insece
475 2943 650 3010 trasportati
670 2941 720 2998 dal
732 2941 847 3012 Lamb.,
859 2959 875 2999 e
885 2940 980 2998 dietro
994 2939 1036 2997 lui
1047 2938 1097 2996 dal
1107 2938 1216 3022 Munro

96 3008 176 3066 edel
194 3012 327 3081 Brieger,
347 3013 452 3070 aventi
470 3030 488 3070 a
509 3014 574 3082 176;
594 3014 622 3072 io
642 3012 664 3070 li
683 3014 777 3070 loscio
804 3013 834 3073 al
853 3016 939 3082 posto
964 3012 1019 3069 ohe
1038 3011 1140 3069 hanno
1159 3029 1211 3069 ner

96 3080 192 3162 codici.
210 3083 237 3140 Il
255 3087 407 3153 trasporto
427 3084 474 3142 del
494 3085 641 3144 Lambino
660 3103 734 3155 pare
754 3084 894 3143 evidente
912 3103 931 3141 a
945 3084 1041 3151 prime
1059 3082 1147 3165 vista.
1164 3082 1215 3140 Ma

95 3168 117 3206 ει
135 3153 218 3213 badi:
241 3171 297 3214 eon
320 3174 386 3215 esso
405 3157 415 3213 i
434 3156 493 3214 due
512 3157 590 3214 versi
616 3156 733 3214 devono
758 3155 925 3216 intendersi
951 3173 1063 3213 encore
1087 3157 1215 3222 rnpetto

94 3223 150 3290 egli
171 3225 225 3292 dei,
245 3246 261 3284 e
281 3231 343 3285 vita
363 3228 490 3286 sarebbe
509 3246 621 3287 encore
639 3229 669 3286 le
685 3232 747 3286 vite
762 3230 835 3298 loro,
855 3228 909 3286 cfr.
927 3228 1067 3294 eiie1693
1089 3223 1170 3294 egit
1184 3227 1214 3282 la

94 3311 252 3356 marcenae
272 3297 302 3356 di
322 3317 423 3357 eoram
441 3299 458 3358 ὁ
478 3299 570 3371 dura3
587 3300 698 3359 inoltre
717 3300 748 3357 lu
767 3300 846 3359 forte
866 3299 1083 3358 esclamezione
1098 3298 1214 3355 ironica

95 3373 133 3436 ot,
151 3372 241 3440 eredo,
262 3374 318 3428 ete.
338 3375 426 3431 stone
445 3370 522 3441 dopo
540 3372 571 3429 la
589 3371 772 3442 precedente
797 3392 813 3430 e
839 3370 980 3440 semplice
1000 3370 1213 3428 affermazione

95 3442 141 3495 eui
157 3444 201 3500 nii
219 3443 330 3501 oceidit
349 3447 435 3515 aegri
453 3451 579 3516 tempore
603 3448 637 3503 in
662 3450 798 3503 anteacto
821 3448 894 3508 eto.;
923 3442 1144 3510 bisognerebbe
1170 3441 1213 3499 al·

94 3526 175 3570 meno
190 3533 369 3574 conservare
388 3534 457 3575 mss,
476 3535 534 3574 aa:
550 3535 599 3574 me
618 3535 668 3587 aa,
682 3519 769 3575 credo
788 3518 828 3585 (v.
845 3514 946 3584 sotto),
960 3514 1092 3573 sebbene
1106 3518 1212 3572 tenuto

94 3580 218 3644 edileso
238 3587 276 3644 da
295 3588 400 3646 Lamb.
417 3607 433 3646 e
453 3588 570 3659 Murro,
589 3606 649 3647 non
668 3606 724 3658 per
736 3589 858 3658 proprio
874 3587 1024 3656 possibile,
1044 3586 1213 3668 obisogne·

91 3653 180 3733 rebbe
192 3659 277 3717 venir
294 3679 323 3729 p.
340 3678 380 3718 es.
395 3678 467 3718 aun
478 3679 527 3731 aa,
537 3679 655 3732 quaeso,
668 3679 723 3718 con
741 3661 756 3714 ⁴?
775 3660 836 3718 alls
849 3658 908 3717 fine
922 3658 951 3715 di
968 3660 1026 3715 171.
1043 3656 1212 3715 Lascrando

91 3740 192 3786 mveee
210 3731 221 3787 i
238 3730 298 3789 due
315 3731 397 3790 versi
416 3732 446 3789 sl
464 3732 528 3791 loro
547 3736 641 3801 posto,
661 3731 738 3803 dopo
759 3733 819 3802 176,
843 3731 909 3800 Pet,
925 3731 1021 3798 eredo,
1037 3759 1069 3767 -
1085 3729 1140 3786 che
1154 3746 1209 3796 per

91 3803 263 3875 necessario,
282 3821 412 3874 seppure
432 3822 492 3862 non
507 3805 533 3861 si
547 3804 637 3863 vuele
653 3822 722 3874 aon,
739 3806 825 3862 eredo
838 3804 877 3871 (v.
894 3803 988 3869 sotto)
1008 3830 1046 3883 ‘'.
1060 3798 1206 3884 eperfet·

93 3872 220 3932 lamento
239 3876 390 3946 naturale,
409 3895 426 3934 e
444 3879 622 3934 aito=eita
640 3882 746 3934 nostra
765 3894 825 3934 non
845 3876 885 3932 he
900 3874 1004 3932 ombre
1018 3870 1047 3928 dr
1060 3870 1211 3937 drffioolta‚

93 3940 127 3995 ed
147 3941 163 4000 ὸ
181 3947 271 4005 molto
291 3947 343 4016 pin
362 3949 482 4005 intensa
501 3947 624 4006 l'ironie
644 3947 674 4004 di
693 3951 755 4006 viic
769 3948 884 4005 iacebat
899 3949 932 4003 in
946 3944 1076 4002 tenebris
1089 3962 1124 4001 ae
1136 3961 1210 4002 moe·

90 4027 167 4088 rore,
184 4018 300 4077 riferito
319 4038 338 4076 a
357 4019 477 4089 quando
496 4038 556 4077 non
576 4021 755 4079 esistevamo
771 4024 875 4089 punto.
894 4017 993 4074 Tanto
1007 4017 1138 4098 intensa
1155 4015 1210 4073 che

90 4079 176 4143 besto
188 4107 206 4146 a
217 4090 402 4159 giustifieare
415 4090 534 4149 l'erdite
548 4092 640 4149 ellissi
653 4091 702 4148 del
715 4092 854 4161 pensiero
870 4088 882 4114 “
896 4089 944 4146 del
954 4088 1009 4146 che
1021 4087 1105 4144 nulla
1115 4105 1140 4144 sr
1149 4086 1209 4157 put

91 4169 213 4218 pensare
232 4162 262 4220 di
280 4163 333 4232 piu
352 4162 477 4222 assurdo
494 4208 521 4234 „,
541 4164 586 4222 col
606 4163 695 4232 quale
715 4164 739 4219 si
758 4180 879 4233 passae
895 4162 944 4217 177
958 4161 1138 4218 caturcetim
1152 4162 1208 4216 etc.

90 4224 226 4298 (seppure
244 4251 304 4292 non
322 4234 348 4292 si
361 4236 431 4293 vuol
445 4239 613 4306 sospettsre
632 4234 741 4293 lacuna
760 4235 836 4292 d'un
855 4233 961 4303 verso).
1035 4260 1065 4269 -
1088 4232 1148 4288 1711.
1168 4237 1208 4296 at,
