3088 4694
365 332 431 402 ma
680 331 746 404 DE
769 332 944 406 RERUM
967 330 1176 405 NATURA

386 473 523 564 quippe,
548 499 608 565 per
631 483 822 564 angustum
845 478 949 549 turba
972 475 1102 547 maiore
1126 483 1244 549 coorta

385 573 435 643 ire
460 573 552 646 foras
576 574 637 645 ubi
660 582 845 665 coeperunt
869 575 1060 666 primordia
1083 600 1218 648 vocum.

307 684 361 743 530
384 672 528 762 scilicet,
553 673 700 764 expletis
726 700 861 766 quoque
883 677 991 748 ianua
1013 675 1150 747 raditur
1173 676 1243 748 oris

895 800 921 846 a

382 905 476 978 haud
499 906 611 996 igitur
635 907 813 981 dubiumst
838 908 922 999 quin
946 933 1047 981 voees
1070 908 1245 998 verbaque
1269 913 1420 980 constent

383 1006 554 1094 corporeis
579 1031 596 1076 e
621 1006 814 1097 principiis,
840 1014 878 1078 nt
902 1006 1039 1078 laedere
1063 1007 1206 1098 possint.

380 1127 443 1175 nec
466 1110 500 1175 te
523 1103 615 1176 fallit
637 1105 721 1176 item
746 1105 830 1195 quid
855 1106 1007 1196 corporis
1032 1105 1168 1177 auferat
1192 1111 1226 1176 et
1250 1105 1335 1195 quid

381 1201 542 1274 detrahat
566 1227 610 1273 ex
633 1203 814 1275 hominum
837 1204 954 1276 nervis
979 1229 1019 1276 ae
1043 1204 1177 1276 viribus
1199 1203 1286 1292 ipsis

305 1328 358 1385 535
381 1307 567 1390 perpetuus
591 1326 703 1373 sermo
727 1302 846 1392 nigrai
870 1303 982 1374 noctis
1006 1303 1051 1374 ad
1074 1303 1236 1373 umbram

380 1423 525 1470 aurorae
551 1400 735 1490 perductus
760 1402 805 1472 ab
829 1402 1005 1473 exoriente
1029 1401 1151 1489 nitore,

380 1499 585 1588 praesertim
609 1500 639 1570 si
663 1523 742 1571 curn
766 1507 935 1572 summost
960 1500 1109 1572 clamore
1135 1499 1306 1590 profusus.

381 1621 465 1686 ergo
489 1620 688 1686 corpoream
713 1622 832 1670 vocem
857 1607 1015 1671 constare
1039 1605 1219 1686 necessest,

381 1695 491 1766 multa
514 1695 658 1786 loquens
682 1697 847 1786 quoniam
873 1698 1004 1769 amittit
1028 1697 1236 1787 decerpere
1261 1702 1401 1786 partem.

304 1829 358 1885 540
425 1794 610 1885 Asperitas
634 1801 751 1867 autem
773 1797 868 1868 vocis
892 1796 931 1867 fit
955 1797 999 1867 ab
1024 1795 1209 1886 asperitate

381 1893 640 1982 principiorum,
665 1901 698 1964 et
721 1894 805 1965 item
828 1894 924 1968 levor
948 1895 1064 1967 levore
1089 1900 1247 1969 creatur:

379 2016 443 2063 neo
468 1992 575 2064 simili
598 1999 782 2082 penetrant
805 1994 900 2067 auris
924 1993 1116 2084 primordia
1139 1992 1261 2081 forma,

381 2115 459 2162 cum
482 2091 567 2162 tuba
591 2091 750 2181 depresso
774 2092 932 2180 graviter
955 2093 1019 2163 snb
1043 2115 1220 2163 murmure
1243 2092 1358 2181 mugit

380 2196 413 2261 et
437 2190 556 2261 reboat
580 2214 724 2262 raucum
748 2190 957 2281 Berecyntia
981 2191 1130 2263 barbara
1152 2191 1328 2280 bombum,
1353 2251 1355 2254 Α

363 2415 575 2422 Q

359 2533 435 2590 onde
449 2533 471 2589 il
484 2539 585 2591 nostro
600 2532 728 2590 trocheo.
749 2532 779 2589 Si
793 2550 848 2589 usa
862 2533 956 2590 anche
969 2532 991 2590 11
1007 2532 1084 2602 plur.
1105 2535 1236 2589 arteriae
1258 2531 1312 2588 “la
1331 2528 1468 2599 trachea,

358 2623 407 2663 ma
427 2606 503 2673 plur.
522 2612 631 2662 neutro
650 2623 710 2662 non
729 2604 812 2661 l’usa
831 2605 885 2661 che
905 2605 956 2673 qui
975 2604 1128 2662 Luerezio.
1202 2634 1233 2643 -
1255 2603 1310 2658 528
1329 2622 1371 2673 sg.
1393 2606 1407 2632 “
1419 2602 1472 2659 Na·

359 2678 554 2747 turalmente3
575 2675 686 2734 dacohb
705 2676 897 2746 iprirnorelr'a
910 2676 1017 2746 vocali,
1029 2678 1053 2733 si
1068 2676 1188 2733 sforzan
1202 2674 1330 2733 d’uscire
1343 2694 1396 2745 per
1408 2674 1471 2730 l'an·

358 2757 446 2816 gusta
470 2749 528 2819 via,
556 2747 758 2806 concorrendo
776 2750 888 2815 (coorta
907 2749 946 2817 pl.
965 2750 1007 2817 n.)
1025 2749 1056 2805 in
1075 2748 1148 2806 folla
1167 2748 1321 2816 maggiore
1348 2747 1395 2804 del
1413 2763 1472 2803 eon·

358 2825 443 2878 sueto
460 2861 484 2887 „.
557 2851 592 2860 -
610 2821 673 2876 532.
699 2827 732 2877 at
751 2822 930 2891 10010000,
950 2837 1033 2878 come
1052 2838 1083 2877 00
1108 2837 1206 2889 sopra,
1225 2821 1332 2877 100000
1352 2819 1380 2875 di
1399 2817 1472 2874 baud

359 2893 481 2949 derbiciae
504 2899 546 2950 est
565 2896 647 2963 preire,
667 2911 772 2950 avesse
798 2891 882 2950 detto
908 2910 1021 2950 necesse
1041 2898 1091 2949 est.
1164 2920 1197 2929 —
1217 2891 1280 2948 535.
1308 2909 1371 2960 agg.
1390 2889 1470 2948 Come

358 2964 407 3021 001
423 2982 492 3022 caso
512 2964 542 3021 ui
558 2983 718 3035 praecones
734 2965 793 3021 alle
809 2968 916 3033 aste,o
936 2963 964 3020 di
984 2963 1135 3022 venditori
1155 2962 1290 3033 gridanti
1309 2962 1340 3020 la
1358 2961 1470 3032 propria

358 3054 465 3095 merce.
537 3065 571 3076 -n
591 3036 659 3107 539.
680 3036 810 3108 loquerer,
829 3036 1038 3094 sostantivato.

426 3107 555 3165 olo-546.
575 3107 653 3166 Seno
669 3108 747 3165 versi
761 3108 899 3176 aggiunti
918 3109 968 3177 poi
984 3109 1023 3165 da
1035 3106 1198 3172 Lucterio:
1220 3104 1275 3164 ohe
1289 3124 1350 3164 non
1363 3106 1471 3174 riguar-

357 3179 416 3236 dan
435 3180 487 3250 piu
506 3180 536 3236 la
553 3179 784 3238 dimostrazione
801 3180 880 3237 della
895 3179 1080 3237 materialitb
1093 3178 1142 3236 del
1157 3196 1267 3250 suon03
1286 3180 1336 3247 poi
1352 3178 1470 3260 parlano

357 3250 387 3308 di
407 3253 493 3310 suoni
518 3252 613 3309 anche
641 3251 810 3309 all‘infuori
835 3251 915 3308 della
941 3270 1015 3309 voce
1039 3268 1158 3319 amana,
1184 3254 1302 3308 mentre
1321 3250 1362 3307 fin
1382 3264 1471 3329 qu1,e

358 3322 444 3393 dopo,
460 3342 518 3380 non
533 3324 620 3393 parla
634 3323 688 3381 che
704 3322 785 3381 della
797 3341 871 3381 voce
881 3342 991 3381 umana
1005 3321 1062 3392 (sib
1076 3323 1131 3380 che
1144 3320 1161 3379 ὸ
1174 3321 1257 3379 detto
1271 3319 1473 3380 intendendam

356 3394 405 3452 del
424 3413 517 3452 suono
537 3398 568 3450 in
588 3396 721 3464 genere),
740 3415 756 3453 e
776 3397 828 3452 547
853 3396 885 3451 fa
904 3396 1026 3453 natural
1046 3395 1164 3462 seguito
1183 3412 1202 3451 a
1225 3394 1472 3474 539.11Briegcr

357 3469 449 3523 mette
464 3467 474 3522 i
490 3467 570 3523 versi
585 3473 633 3523 tra
647 3465 657 3537 11
672 3466 698 3538 l:
713 3468 742 3524 io
758 3486 805 3538 no,
824 3467 934 3535 perche
954 3486 1012 3524 non
1033 3467 1133 3534 voglio
1148 3465 1282 3534 proibire
1302 3484 1320 3523 a
1334 3465 1470 3523 Lueremo

357 3536 453 3594 diser
473 3536 549 3595 delle
577 3540 730 3610 aggiunte,
755 3539 874 3608 quando
894 3557 953 3596 non
972 3539 1013 3596 mi
1031 3537 1217 3596 disturbano.
1291 3566 1327 3577 -
1344 3537 1406 3594 alo.
1424 3551 1473 3592 000

357 3610 408 3677 001
429 3608 513 3677 eper
527 3629 621 3668 suono
637 3611 668 3668 in
688 3629 799 3680 genere
815 3612 879 3679 (cfr.
899 3613 952 3668 543
972 3612 1046 3682 sg.);
1066 3629 1149 3687 come
1169 3609 1265 3667 anche
1285 3610 1345 3679 noi,
1365 3608 1472 3666 (10100-

355 3688 410 3749 ste,
429 3681 575 3749 parliamo
595 3682 674 3740 della
700 3685 798 3740 huone
822 3702 896 3742 voce
917 3683 1010 3741 d’uno
1030 3685 1206 3740 strumento.
1279 3712 1315 3720 —
1341 3679 1403 3737 543.
1422 3676 1470 3736 001

356 3771 412 3810 000
430 3757 533 3823 inrepit,
557 3773 617 3812 000
644 3773 699 3812 000
717 3774 879 3824 enarrare,
909 3773 990 3812 come
1010 3754 1100 3812 vuele
1119 3753 1141 3810 il
1160 3754 1279 3825 Munro,
1299 3753 1354 3811 che
1373 3767 1471 3809 arreoa

355 3826 496 3893 parecehi
515 3827 627 3894 esempi
643 3825 672 3882 di
688 3828 742 3885 sab
758 3826 933 3896 ooll’ablat.;
953 3845 1002 3884 ma
1022 3844 1151 3884 nessuno
1168 3826 1307 3883 combine
1323 3824 1373 3895 pel
1393 3837 1473 3882 senso

356 3896 401 3953 col
415 3905 517 3954 nostro
534 3916 611 3955 caso.
684 3930 719 3939 —
733 3897 798 3956 544.
814 3917 897 3956 mss:
919 3905 945 3956 et
963 3905 1082 3956 reborat
1097 3916 1222 3956 rancura
1235 3903 1316 3955 retro
1333 3895 1470 3955 cibabor

356 3967 432 4025 bora
452 3969 591 4027 bombum.
619 3969 646 4026 Ι1
674 3977 782 4039 guasto
807 3989 900 4039 grave
920 3970 1014 4028 larcia
1035 3970 1128 4028 molta
1148 3968 1274 4036 libertb3
1300 3968 1364 4025 indi
1390 3967 1473 4027 molte

355 4045 504 4108 proposte.
524 4041 557 4097 L.
572 4043 638 4098 Ber.
653 4042 692 4099 M.
713 4049 740 4100 et
752 4043 854 4101 reboat
870 4061 995 4100 rancum
1011 4045 1092 4114 repio
1115 4045 1174 4100 cita
1194 4041 1327 4099 barbaro
1349 4039 1473 4098 bombum

354 4111 447 4180 (rapio
472 4111 488 4169 ὸ
514 4114 674 4182 prosaico).
699 4114 784 4173 Polle
810 4115 904 4182 (Pori.
925 4115 970 4185 25,
989 4115 1065 4184 279),
1090 4112 1245 4183 pensando
1268 4113 1330 4170 alla
1359 4110 1472 4195 tromba

356 4188 487 4240 etrusca:
515 4191 542 4241 et
560 4186 661 4244 reboat
679 4205 771 4245 rauco
791 4190 858 4243 aeri
875 4186 1007 4244 Etraria
1033 4187 1164 4244 barbaro
1183 4185 1334 4256 bombum;
1352 4203 1372 4243 a
1392 4201 1439 4242 cur
1454 4178 1474 4236 ι1

354 4254 480 4324 Brieger
498 4255 588 4327 (Part.
605 4260 648 4328 32,
664 4279 692 4327 p.
705 4261 769 4326 483)
789 4257 903 4316 obietta
919 4259 973 4318 ohe
993 4259 1024 4316 la
1042 4259 1161 4318 trumba
1177 4262 1299 4316 etrusca
1318 4275 1418 4317 arere
1436 4269 1474 4311 un
