3176 4698
367 298 432 375 168
679 304 745 381 ΒΕ
767 304 943 383 RERUM
965 304 1175 385 NATURA

433 448 484 521 At
507 447 632 540 vigiles
655 452 777 525 mundi
800 477 967 545 magnum
991 454 1153 528 versatile
1177 453 1347 546 ternplum

296 576 365 636 1435
388 547 438 620 eol
462 554 496 620 et
519 548 602 621 luna
626 574 687 623 suo
711 551 899 626 lustrantes
922 553 1053 626 lumine
1077 554 1208 628 circum

388 646 592 736 perdocuere
614 647 771 724 homines
795 675 964 725 annorum
989 660 1145 743 tempora
1167 654 1258 725 verti

387 753 421 819 et
444 754 539 821 certa
561 749 695 823 ratione
718 752 794 840 geri
817 774 890 825 rem
914 761 1019 845 atque
1042 753 1163 826 ordine
1186 761 1288 826 certo.

430 846 507 919 Iam
530 847 657 921 validis
680 850 790 941 saepti
813 851 986 942 degebant
1007 852 1164 925 turribus
1186 877 1317 941 aevom,

385 952 419 1018 et
443 944 555 1018 divisa
579 946 756 1020 colebatur
778 949 996 1041 discretaque
1019 949 1132 1040 tellus,

293 1076 363 1132 1440
386 1044 458 1116 iam
482 1068 577 1117 mare
599 1045 758 1120 velivolis
781 1048 927 1122 florebat
950 1050 1152 1124 navibus...

385 1141 518 1214 auxilia
541 1162 583 1214 ac
606 1143 717 1218 socios
739 1145 811 1217 iam
835 1155 936 1236 pacto
959 1147 1094 1220 foedere
1118 1147 1303 1237 habebant,

386 1241 599 1315 carminibus
622 1266 700 1315 curn
724 1268 779 1317 res
802 1251 920 1334 gestas
943 1270 1084 1337 coepere
1108 1255 1227 1337 poetae

384 1340 535 1412 tradere:
561 1364 625 1414 neo
647 1342 757 1415 multo
780 1343 869 1435 priu’
890 1353 971 1418 sunt
994 1345 1166 1419 elementa
1188 1353 1338 1439 reperta.
1430 1408 1433 1415 .

385 1444 567 1529 propterea
590 1440 674 1530 quid
696 1441 744 1514 sit
767 1443 863 1533 prius
887 1454 1004 1518 actum
1028 1446 1196 1537 respicere
1219 1455 1315 1519 aetas

293 1568 363 1625 1445
383 1546 504 1610 nostra
526 1539 656 1630 nequit,
680 1540 748 1614 nisi
771 1566 841 1633 qua
864 1543 955 1615 ratio
978 1545 1130 1634 vestigia
1152 1553 1334 1618 monstrat.

428 1635 585 1728 Navigia
608 1646 711 1730 atque
734 1642 814 1731 agri
836 1642 1001 1732 culturas,
1026 1644 1172 1734 moenio,
1196 1644 1299 1735 leges,

384 1759 492 1825 arma,
516 1737 603 1827 vias,
628 1745 750 1828 vestes,
775 1747 806 1811 et
829 1747 943 1814 cetera
966 1741 1009 1813 de
1033 1766 1158 1833 genere
1181 1742 1314 1831 horum,

383 1835 549 1925 praemia,
573 1836 715 1911 delicias
738 1863 874 1930 quoque
898 1841 992 1913 vitae
1016 1841 1174 1913 funditus
1197 1842 1318 1928 omnis,

362 2028 575 2037 *mu—...-

361 2132 426 2191 ried
445 2137 498 2192 out
517 2134 581 2192 into
600 2133 652 2192 the
671 2133 747 2203 deep
767 2153 818 2193 sca
833 2156 862 2206 „3
882 2133 980 2194 sieche
999 2154 1054 2205 per
1073 2134 1128 2193 che
1154 2152 1172 2192 a
1192 2135 1289 2203 questi
1318 2134 1378 2193 due
1405 2137 1491 2194 versi

361 2232 420 2272 non
440 2212 490 2272 dia
508 2215 586 2273 altro
605 2233 702 2286 senso,
720 2233 752 2275 se
768 2235 828 2274 non
842 2217 896 2274 che
915 2216 927 2240 “
942 2215 1044 2285 quella
1059 2215 1159 2285 reglis
1175 2214 1224 2273 del
1239 2215 1348 2285 meglio
1362 2217 1403 2274 ha
1416 2235 1490 2275 con-

361 2285 446 2344 detta
464 2285 495 2344 le
513 2289 577 2345 vite
596 2287 634 2345 ad
653 2287 818 2346 affrantare
836 2288 847 2345 i
866 2287 989 2358 pericoli
1005 2287 1084 2346 delle
1099 2287 1306 2359 navigatione,
1319 2286 1357 2346 ed
1372 2287 1389 2345 ὸ
1403 2294 1489 2347 stata

360 2376 436 2427 gran
461 2359 587 2427 cagione
607 2358 637 2416 di
655 2377 764 2429 guerre
782 2400 813 2428 „.
838 2361 888 2419 Ma
906 2378 992 2430 pure,
1015 2360 1110 2418 anche
1132 2378 1277 2418 ammesso
1305 2360 1362 2417 che
1384 2361 1437 2429 qui
1465 2361 1488 2418 il

359 2433 450 2499 poete
468 2432 514 2488 usi
530 2430 560 2488 le
573 2434 722 2490 metatura
736 2431 817 2490 della
829 2450 906 2490 nave
924 2432 1025 2502 spinta
1039 2433 1070 2490 in
1086 2432 1148 2489 alto
1163 2450 1255 2503 mare,
1271 2431 1294 2488 il
1309 2435 1487 2491 minutatim

359 2501 380 2558 il
395 2505 534 2573 provexit
553 2521 569 2560 e
588 2501 608 2560 l’
615 2520 715 2562 essere
731 2507 822 2562 uitam
840 2522 908 2574 egg-
927 2502 994 2572 (che
1013 2501 1030 2561 ὸ
1049 2505 1109 2562 ben
1127 2509 1243 2563 strena:
1263 2505 1279 2532 “
1292 2504 1433 2573 spingere
1454 2505 1486 2563 la

359 2573 423 2635 vita
442 2574 492 2631 nel
510 2592 621 2643 mare„
642 2593 696 2645 per
716 2576 881 2646 “spingere
906 2575 949 2645 gli
975 2576 1125 2644 uomini„)
1151 2575 1192 2633 mi
1216 2575 1407 2645 persuadens
1427 2577 1485 2635 che

359 2646 513 2712 Lucretio,
532 2647 684 2705 conforme
696 2648 755 2706 elle
769 2665 836 2707 cese
850 2648 904 2706 che
917 2666 956 2706 va
969 2647 1103 2715 dicendo,
1116 2647 1248 2719 intende,
1263 2666 1317 2707 con
1331 2648 1363 2706 in
1377 2649 1484 2719 ultum,

359 2717 479 2786 perlate
499 2715 548 2776 del
566 2737 724 2788 progresso
743 2719 824 2778 delle
843 2719 954 2778 civilia
973 2719 1077 2778 Sicche
1096 2720 1240 2778 Luerezio
1259 2719 1324 2778 dice
1339 2720 1402 2778 alla
1422 2740 1485 2779 mo·

359 2788 468 2847 derna:
490 2789 502 2813 “
516 2790 546 2848 la
558 2790 821 2850 incontestabilita
834 2810 945 2850 umens
958 2789 974 2850 ὁ
987 2792 1018 2849 la
1029 2793 1154 2862 ragione
1168 2791 1268 2862 d’ogni
1281 2810 1440 2863 progresso
1452 2814 1484 2864 „3

358 2879 408 2919 ma
426 2879 517 2919 senza
535 2881 645 2921 cavare
663 2863 694 2921 la
713 2882 921 2934 canseguenza
940 2863 1099 2924 moderna:
1116 2864 1128 2892 ‘⁶
1144 2864 1266 2933 dunque
1280 2865 1310 2921 la
1326 2865 1485 2923 inconten-

359 2931 480 2991 tabilita
497 2930 514 2991 ὸ
533 2933 565 2991 in
582 2934 674 2994 fondo
689 2955 731 2994 un
746 2937 833 2995 bene.
849 2982 859 3008 ,‚
875 2937 955 2995 Anzi
971 2940 1065 2995 mette
1099 2940 1205 3006 queste
1223 2954 1382 3007 progresso
1401 2940 1484 2995 sotto
1577 2980 1578 2989 ,

357 3022 417 3062 una
444 3005 527 3063 foece
555 3006 632 3078 luce,
654 3009 700 3066 ool
729 3009 880 3078 mettergli
909 3008 1010 3068 subito
1041 3015 1167 3068 secante
1205 3008 1216 3064 i
1244 3011 1349 3079 inuam
1378 3015 1481 3066 aestus

359 3076 436 3135 belli.
509 3108 544 3117 -
563 3085 663 3137 aestus
675 3078 817 3150 funditus
830 3085 970 3150 commoti,
992 3083 1006 3108 “
1020 3079 1049 3138 le
1062 3084 1208 3149 tempesta
1221 3079 1292 3137 d'un
1305 3098 1387 3138 mare
1403 3098 1484 3138 com·

358 3166 454 3208 mosea
473 3148 515 3207 fin
533 3151 700 3220 nell'aeque
718 3153 771 3221 piu
788 3153 965 3225 protende„
986 3171 1041 3222 per
1060 3157 1141 3211 stare
1160 3151 1241 3210 nella
1254 3152 1401 3210 metatore
1412 3170 1481 3223 pro·
1576 3184 1577 3191 1

357 3224 437 3279 uexit
456 3223 490 3279 tu
509 3223 649 3292 ultum.⁴4“
665 3224 709 3281 La
728 3226 792 3283 vita
811 3225 911 3294 spintu
930 3225 1069 3282 eull'alto
1088 3242 1171 3283 mare
1197 3223 1297 3293 d’ogni
1321 3242 1482 3293 progresso

358 3291 436 3350 andi)
455 3293 593 3354 incontra
612 3297 673 3354 alla
692 3300 840 3366 tempesta
859 3297 890 3355 di
908 3315 1017 3367 guerre
1036 3297 1158 3354 immani
1173 3339 1204 3367 „‚
1229 3315 1290 3353 non
1309 3314 1481 3365 peragens·
1575 3344 1576 3347 ,

357 3365 411 3423 bili
431 3368 491 3426 elle
509 3367 631 3426 antiche
650 3369 855 3438 guerricciole.
929 3399 962 3408 -
983 3369 1147 3426 leat-1437.
1166 3370 1304 3426 versatile
1327 3386 1383 3425 eon
1398 3387 1482 3439 mss,

357 3439 474 3506 Mauro,
489 3441 559 3510 Brg.
578 3441 689 3499 Invece
709 3441 855 3499 uersatili’
872 3441 994 3499 Lachm.
1011 3444 1038 3511 (e
1057 3441 1169 3510 Rern),
1187 3439 1298 3509 perone
1317 3438 1482 3498 “versatile

358 3527 417 3568 non
431 3513 527 3582 niagis
541 3512 681 3584 templum
694 3531 759 3571 csse
773 3515 872 3582 petest
887 3532 977 3582 quam
994 3514 1082 3572 lacae.
1098 3552 1111 3579 „
1125 3514 1176 3569 Ma
1188 3513 1296 3570 Munro
1310 3512 1352 3581 gli
1361 3529 1481 3581 oppone
1574 3558 1575 3565 ,

356 3582 372 3639 Ι
389 3584 459 3641 1105
475 3591 706 3643 neaeram...
723 3586 831 3655 templa
848 3585 892 3642 VI
910 3586 1164 3656 suatopluc...
1184 3586 1261 3642 caeti
1276 3584 1393 3654 templa.
1416 3582 1481 3641 Olre
1574 3614 1575 3655 3

357 3654 387 3711 la
399 3655 482 3714 vulta
498 3663 600 3714 eterea
615 3656 673 3726 giri
693 3675 752 3716 non
769 3656 785 3715 ὸ
801 3657 935 3715 assoluta
948 3665 1092 3715 sentence
1108 3655 1138 3714 di
1152 3656 1298 3714 Lucrezio
1313 3658 1389 3720 (1.1.
1404 3656 1481 3724 511),

356 3744 405 3784 ma
424 3725 440 3783 ὸ
459 3727 628 3797 l'opiniane
646 3729 786 3788 favorita.
869 3758 902 3769 -
923 3729 1206 3787 circumlustrantes.
1294 3757 1327 3767 —
1352 3725 1481 3784 1441111
1573 3750 1574 3767 ¹

356 3816 444 3856 verso
458 3799 562 3858 finisce
581 3801 630 3858 nei
651 3819 718 3858 mss.
733 3820 788 3860 con
797 3808 920 3873 propter
938 3803 1048 3860 odores.
1061 3801 1089 3857 ll
1103 3800 1225 3858 Lachm.
1244 3801 1271 3866 (e
1290 3798 1394 3869 Bern.)
1406 3818 1481 3870 pup-

351 3870 452 3941 maus,
471 3878 499 3929 et
516 3890 583 3941 ree;
601 3872 623 3929 il
642 3873 750 3932 Munro
767 3873 924 3945 puppium,
943 3873 1038 3931 urbes.
1056 3873 1083 3930 Il
1096 3873 1166 3942 Brg.
1179 3871 1342 3930 linamente
1355 3888 1481 3929 asserva

356 3942 411 3999 che
425 3961 541 4015 puppes
559 3961 613 4013 per
632 3963 722 4003 uuues
749 3964 810 4004 non
829 3948 845 4004 ὸ
865 3944 945 4004 della
964 3943 1130 4014 semplicita
1153 3944 1338 4013 lucretiana3
1366 3942 1480 4012 append

355 4023 475 4094 integre
494 4044 550 4085 eon
569 4028 705 4099 nauibus,
723 4046 740 4087 e
755 4028 849 4086 lasela
864 4031 1002 4098 scoperta
1014 4027 1141 4084 l’ultima
1153 4026 1267 4097 parole.
1285 4008 1346 4083 1111
1359 4025 1480 4108 miglior

356 4098 477 4169 partita,
495 4099 575 4157 vista
591 4100 620 4156 le
634 4101 809 4158 condicione
822 4099 871 4158 dei
882 4118 950 4157 mss,
1023 4128 1055 4139 ·-
1069 4097 1150 4153 1443.
1166 4098 1264 4155 1111011
1276 4098 1368 4156 molto
1380 4115 1479 4166 prima

355 4166 401 4223 de’
412 4169 463 4236 pin
482 4171 596 4228 antichi
615 4174 696 4240 poeti
715 4173 749 4230 fu
767 4171 798 4229 la
816 4176 955 4241 seoperta
974 4170 1191 4240 dell’elfabeto;
1215 4188 1231 4227 c
1257 4187 1318 4228 non
1337 4187 1478 4228 arvenne

351 4239 460 4309 auindi
472 4241 528 4298 che
542 4243 691 4301 sott‘altre
710 4244 814 4315 forme,
830 4244 881 4313 pin
897 4243 1033 4315 semplici
1049 4241 1095 4301 de’
1105 4242 1202 4312 peemi
1216 4242 1303 4312 epici,
1318 4241 1343 4299 si
1355 4259 1479 4300 conser-
