3176 4698
503 293 650 367 LIBER
676 294 728 367 VI
753 296 807 367 1-1

124 435 224 508 euius
248 442 282 508 el
306 437 451 510 extincti
476 444 614 529 prepter
637 437 757 512 divina
780 447 917 531 reperta

123 534 307 626 divolgata
330 542 429 609 velus
453 537 593 609 iamed
618 536 751 610 eaelum
775 538 889 629 glorie
912 539 1032 613 fertur.

122 657 206 706 nem
231 658 309 706 eune
333 635 422 708 vidit
445 635 502 708 hie
526 637 570 708 sd
594 637 725 710 vietum
751 661 839 728 quse
862 637 1001 728 flagitat
1024 663 1107 714 usus

58 747 96 803 10
122 731 241 805 emnia
264 732 334 805 iam
358 732 466 807 ferme
490 733 694 807 mortalibus
717 759 789 809 esee
814 742 947 826 parata,

123 838 168 919 el,
193 856 361 924 proquam
385 839 509 923 posset,
534 833 644 906 vitam
668 833 853 907 consistere
877 841 1000 918 tutam,

123 930 259 1005 divitiis
282 931 439 1005 homines
462 938 496 1004 el
519 932 648 1006 honore
672 940 706 1006 et
728 932 830 1007 laude
855 935 1006 1025 potentie

123 1029 267 1106 affluere
291 1037 395 1122 atque
418 1031 509 1104 bena
532 1037 718 1122 gnatorum
744 1031 911 1106 excellere
934 1033 1039 1121 fame,

123 1152 187 1202 nee
209 1129 324 1204 minus
348 1154 421 1203 esse
445 1130 539 1203 domi
562 1131 724 1223 cuiquam
749 1138 864 1205 tamen
889 1133 997 1206 anxia
1020 1133 1134 1221 sordes,

62 1237 99 1294 15
123 1233 228 1319 atque
252 1227 360 1300 animi
384 1227 534 1318 ingratis
557 1229 667 1303 vitam
691 1253 818 1303 vexere
841 1231 916 1304 sine
940 1230 1012 1305 ulle

124 1349 233 1421 pausa
258 1333 360 1422 atque
385 1326 520 1403 infestis
544 1328 623 1418 eogi
647 1328 782 1403 saevire
806 1329 978 1424 querellis,

100 1565 250 1577 „pu—...-
255 1565 312 1578 0...-

100 1706 193 1779 eiulli,
213 1725 272 1766 non
291 1707 387 1779 besta,
409 1708 642 1780 naturalmeute,
666 1728 684 1766 a
709 1709 855 1780 dissipare
880 1711 889 1769 i
913 1712 984 1770 veni
1012 1714 1119 1774 terrori
1144 1714 1225 1787 degli

100 1781 223 1910 gpnffiinj’
239 1798 287 1837 ma
306 1781 332 1839 ei
347 1779 436 1839 vuele
452 1780 480 1839 lo
496 1779 595 1839 studio
611 1780 690 1839 delle
705 1787 824 1854 nature,
843 1783 872 1842 le
888 1783 987 1844 studio
1003 1783 1082 1845 delle
1097 1786 1224 1848 filosofis

28 1874 32 1879 ·
121 1871 131 1909 1
176 1869 316 1921 meurs„

174 1925 188 1978 1
208 1941 271 1993 sgg.
291 1923 349 1982 uie.
368 1943 423 1995 pro
443 1924 551 1984 Flacco
571 1926 605 1982 62
619 1926 729 1984 adsunt
742 1926 939 1986 Athenienses
954 1930 1033 1988 uncie
1048 1931 1223 1992 tutttateitus

101 1997 240 2054 doctrina
266 1996 373 2066 reiieio
401 1994 507 2068 fielnes
535 2000 607 2055 iure
633 1997 708 2069 lenes
734 2003 816 2057 ortae
836 2005 923 2071 atqne
949 2004 982 2058 ite
1002 2020 1101 2060 omnes
1123 2010 1223 2063 terras

101 2067 280 2126 distributae
293 2073 453 2139 putantur.
472 2096 506 2107 -
525 2069 594 2127 Non
614 2069 686 2128 tutti
704 2071 714 2127 i
732 2069 822 2140 primi
841 2075 963 2140 quatuo
982 2075 1070 2143 versi,
1090 2093 1139 2133 mn
1158 2077 1221 2137 sole

100 2140 121 2196 il
141 2142 249 2209 quarte
269 2137 286 2198 ὲ
304 2139 335 2196 in
355 2139 505 2198 relezione
525 2158 581 2199 eon
600 2159 665 2199 eum
681 2159 826 2214 uenture,-
850 2142 950 2212 pereilt
976 2144 1014 2202 ho
1039 2164 1134 2206 mesen
1161 2168 1223 2207 uun

99 2211 328 2282 interpunzione
356 2211 505 2282 piltone
535 2213 614 2271 delle
637 2213 725 2272 solita
748 2213 866 2285 virgula
890 2215 951 2273 elle
978 2215 1038 2275 fine
1064 2217 1112 2276 del
1140 2222 1222 2280 terzo

100 2300 195 2342 verso.
223 2282 302 2342 Peri
322 2283 449 2342 dicendo
469 2287 638 2356 primae...
663 2287 777 2344 solatia
806 2292 883 2344 vitae
907 2288 1051 2347 dederunt
1075 2308 1140 2349 euin
1166 2297 1222 2351 ete.

100 2353 220 2414 eselude
246 2354 294 2413 dei
320 2357 384 2414 veri
409 2357 523 2415 solatia
548 2360 625 2415 vitae
650 2357 743 2426 quelli
768 2359 926 2417 sesenneti
951 2360 1057 2433 prima,
1079 2381 1094 2420 e
1115 2363 1168 2421 l’et
1192 2364 1221 2423 al

99 2426 246 2498 principio
266 2426 315 2485 del
333 2430 364 2485 4⁰
383 2446 470 2486 verso
489 2429 530 2486 he
550 2427 635 2498 qussi
654 2428 675 2486 il
694 2428 797 2488 velere
821 2429 850 2488 di
875 2431 935 2488 sed.
1015 2462 1047 2473 -
1074 2452 1223 2495 recreave-

98 2504 172 2556 runt
187 2518 209 2556 v.
233 2498 358 2558 “resero
378 2500 406 2556 ls
422 2501 486 2559 vite
505 2500 557 2570 piu
577 2501 708 2573 semotis,
728 2500 758 2559 le
773 2501 963 2562 selleverono
983 2503 1061 2563 delle
1081 2523 1222 2577 esprezze

100 2589 116 2628 e
135 2570 274 2641 angustie
293 2570 340 2629 dei
357 2572 449 2642 tempi
469 2572 646 2643 primitive„
722 2603 755 2612 -
775 2580 924 2645 repertum
943 2576 1050 2644 egusle
1063 2596 1081 2635 s
1094 2596 1136 2636 un
1149 2597 1222 2638 sem·

99 2643 175 2712 pliee
195 2638 261 2699 ὅντα
280 2661 296 2702 0
315 2646 492 2715 praeditum,
507 2662 590 2704 nome
609 2645 661 2715 piu
681 2645 761 2703 volte
781 2646 812 2703 in
831 2646 984 2706 Luerezio.
1040 2678 1073 2689 -
1089 2651 1103 2706 7
1117 2669 1160 2722 eg.
1175 2652 1221 2711 Ls

99 2714 195 2782 glorie
214 2713 243 2773 di
262 2716 392 2784 Epicuro
412 2722 507 2775 morto
527 2736 566 2774 va
581 2716 764 2776 diventends
781 2736 897 2787 sempre
912 2719 1075 2788 meggisre.
1130 2753 1163 2763 -
1180 2731 1222 2794 et,-

99 2786 229 2857 Leehm„
248 2805 331 2846 some
350 2786 397 2846 e’e
418 2787 500 2847 detto
521 2788 641 2857 (1830),
665 2806 725 2848 nen
749 2794 891 2849 amntette
916 2791 947 2848 in
967 2791 1111 2853 Luerezio
1131 2796 1220 2855 eleun

99 2864 125 2916 et
135 2862 269 2917 :etiam
277 2880 288 2929 ,·
307 2877 322 2917 e
342 2860 393 2929 qul
407 2860 432 2917 si
445 2863 558 2918 sotlrse
571 2860 735 2930 spiegsndo
751 2868 777 2919 et
793 2864 958 2920 extincti:
969 2870 996 2922 et
1009 2868 1073 2923 eius
1088 2870 1221 2939 extincti,

99 2948 180 2988 eume
200 2934 285 2989 timeo
305 2931 440 2999 Danaes,
456 2939 482 2990 et
497 2933 576 2990 stoue
591 2931 858 3004 ferentis:timee
879 2934 1011 3005 Danaes,
1033 2943 1060 2995 et
1079 2957 1126 2997 ees
1141 2940 1221 3000 dene

97 3001 234 3073 ferentis,
249 3022 265 3061 e
281 3004 342 3061 eoel
356 3004 385 3060 el
395 3005 469 3062 vsle
482 3022 557 3076 quae
572 3006 690 3063 conlatu
703 3003 792 3075 feris,
804 3012 831 3063 et
843 3022 884 3062 un
900 3009 1057 3067 commode.
1068 3038 1101 3050 -
1113 3010 1220 3070 Muuro

99 3074 158 3132 site
176 3074 264 3133 Auel.
289 3073 328 3132 ad
346 3075 418 3133 Her.
437 3076 482 3133 IV
502 3079 523 3147 3ι
547 3076 599 3135 iseo
627 3079 723 3148 initur
747 3080 844 3135 istun
866 3081 1031 3137 maximum
1056 3082 1220 3153 artificium

99 3150 191 3204 estin
212 3152 277 3205 arte
297 3165 353 3205 sete
371 3165 454 3218 pesse
474 3154 501 3205 et
517 3148 630 3231 elienis
650 3096 864 3233 exemplislete'.
936 3180 971 3234 -7
991 3151 1018 3205 8.
1037 3158 1119 3211 vetus
1137 3156 1221 3223 equi·

10 3284 12 3291 !
98 3217 166 3275 vele
186 3237 203 3275 e
222 3236 264 3276 un
283 3219 436 3277 evverbio.
459 3217 545 3277 “en
564 3217 724 3278 diffusam
743 3226 851 3287 animo,
872 3238 967 3280 ermen
986 3222 1088 3293 fertur
1103 3226 1144 3283 aei
1158 3245 1220 3285 eae·

100 3291 192 3360 lum„
268 3318 299 3329 -
320 3291 361 3348 11.
380 3309 524 3376 proquam
543 3291 596 3349 eir.
615 3292 646 3349 II
667 3293 744 3350 1137.
820 3323 850 3332 -
870 3311 1014 3366 proquam
1031 3302 1145 3367 possen
1164 3297 1219 3356 she

99 3360 174 3420 serti
192 3361 262 3419 msli
281 3362 450 3421 inevitabile
463 3382 523 3427 nen
538 3363 563 3420 ei
575 3381 703 3433 negano.
775 3393 810 3404 -
825 3363 868 3422 12.
884 3366 934 3433 (et)
946 3366 1078 3425 hemines
1087 3374 1220 3438 petentes

99 3433 225 3562 effluere
244 3434 326 3492 stivit-
353 3441 379 3492 et
398 3435 466 3494 itote.
491 3442 517 3494 et
537 3435 625 3493 tenete
645 3442 732 3519 etque
752 3437 851 3495 excell.
873 3443 928 3495 ete.
953 3438 1074 3497 Intendi
1096 3437 1139 3498 “e
1159 3460 1218 3499 non

98 3523 159 3564 seo
179 3505 210 3562 in
229 3504 290 3563 tale
309 3506 483 3565 condizione
503 3507 645 3577 generale
665 3506 695 3565 dl
714 3507 942 3579 sicurezze,1na
961 3510 1058 3570 nnehe
1074 3512 1104 3569 in
1121 3512 1220 3571 eondi-

98 3576 566 3721 {lllltlllntlttttulllt
580 3619 614 3709 ’n
627 3579 1219 3723 lufttttt§ullulllffltttln

113 3692 115 3700 '
224 3689 232 3718 7
738 3696 745 3723 l
1042 3696 1069 3724 lt*

98 3721 158 3780 l'ee.
175 3721 204 3778 di
219 3719 332 3779 Getone
344 3721 385 3793 (in
396 3721 473 3782 Gell.
485 3725 526 3780 73
539 3721 591 3793 14).
603 3722 669 3783 Seio
680 3725 772 3783 solere
780 3724 933 3796 plerisque
947 3726 1115 3785 hominibus
1129 3728 1217 3788 rebus

97 3793 234 3851 secundis
257 3796 390 3852 animum
420 3795 560 3853 excellere
589 3800 675 3868 etque
700 3797 868 3868 superbiam
885 3842 891 3855 .
908 3837 938 3855 ..
962 3816 1118 3869 senescere
1146 3805 1230 3871 ete.;'

97 3865 148 3923 cfr.
163 3865 229 3923 Liv.
245 3864 294 3923 Ἢ
313 3866 346 3923 37
367 3867 409 3923 11.
482 3896 516 3906 -
536 3865 581 3922 14.
601 3867 724 3926 demisi
743 3871 947 3938 eontrappone
974 3869 1051 3928 bene
1078 3889 1096 3929 e
1116 3871 1215 3939 iones,

98 3937 171 4008 leus,
185 3936 262 3996 bene
272 3942 391 4008 qnater.
405 3936 499 4010 feisse,
511 3938 566 3996 ehe
580 3956 652 3998 sono
666 3939 711 3997 de’
722 3940 868 4009 vantaggi
884 3942 914 3998 in
928 3941 1217 4011 pubblieo.1nfeliee

96 4008 125 4066 ls
137 4010 309 4067 eorrezlene
321 4009 444 4076 homini,
458 4013 601 4080 proposes
614 4011 709 4069 auehe
723 4011 771 4069 del
785 4012 949 4070 Purmsnn.
998 4014 1136 4073 -15.1t.
1150 4019 1215 4073 stne

96 4080 167 4151 telle,
180 4080 226 4140 eol
241 4080 350 4139 Munro
367 4081 462 4150 eBrg.
492 4081 522 4139 le
537 4083 590 4152 piu
609 4082 750 4153 sempliee
767 4102 783 4142 e
798 4084 955 4154 probabile
971 4085 1141 4144 eorrezione
1160 4106 1217 4155 per

95 4170 160 4210 mee.
175 4152 317 4280 {tessellis
331 4155 444 4212 venuto
458 4126 507 4212 (lsl
527 4155 668 4226 querellis
683 4154 732 4213 del
751 4173 779 4212 v.
794 4174 855 4225 seg.
871 4156 896 4213 Il
913 4157 1034 4215 Lsehm.
1046 4202 1052 4215 .
1064 4202 1088 4216 ..
1104 4176 1218 4218 uexere

95 4224 234 4296 querelis
257 4224 433 4296 Passimque
460 4224 583 4295 infestis
610 4229 690 4297 eeqei
713 4230 827 4285 saevire
851 4229 991 4301 pere'elis;
1017 4229 1037 4285 il
1061 4230 1213 4300 Berneye:

153 4330 302 4382 Lucsuzm.
320 4330 359 4384 De
375 4347 466 4384 rerum
483 4338 592 4385 stature.
1127 4341 1155 4390 12
