3102 4692
337 256 402 327 ror
646 196 1147 331 praesensiones

278 419 330 476 845
353 430 426 494 nec,
451 407 481 479 si
504 408 682 480 materiem
708 416 863 481 nostram
887 408 1065 499 collegerit
1088 414 1184 479 aetas

353 514 429 595 post
452 507 584 578 obitum
608 531 815 598 rursumque
839 508 1012 597 redegerit
1036 512 1074 577 ut
1098 507 1165 578 sita
1187 530 1281 577 nunc
1304 512 1365 596 est,

353 609 456 694 atque
480 605 607 677 iterum
630 607 730 679 nobis
754 606 883 678 suerint
907 608 990 678 data
1013 606 1148 677 lumina
1170 606 1273 694 vitae,
1339 676 1341 680 ,

353 704 524 792 pertineat
548 703 735 795 quicquam
759 712 877 775 tamen
901 705 946 776 ad
969 729 1032 777 nos
1055 704 1092 776 id
1114 728 1250 795 quoque
1274 703 1416 793 factum,

352 800 548 891 interrupta
572 803 677 875 semel
701 826 778 874 oum
803 803 849 875 sit
872 804 1062 895 repetentia
1085 803 1207 876 nostri.

277 909 330 965 850
353 908 387 971 et
408 925 502 972 nune
524 899 574 971 nil
599 900 643 971 ad
667 925 729 973 nos
753 900 795 972 dc
819 902 919 974 nobis
943 902 1078 983 attinet,
1102 912 1185 972 ante

352 999 412 1090 qui
435 999 578 1088 fuimus,
603 1023 709 1088 nepae
732 1000 804 1072 iam
827 1000 868 1072 de
891 1000 961 1073 illis
984 1026 1046 1074 nos
1071 1000 1188 1073 adficit
1212 1024 1332 1091 angor.

354 1122 434 1169 nam
461 1122 540 1169 cnm
564 1098 729 1188 respicias
753 1098 902 1172 inmensi
925 1100 1091 1190 temporis
1114 1124 1214 1172 omne

335 1283 546 1292 -Μ-

331 1397 387 1456 ἐστι
412 1398 505 1471 ψυχῆς
526 1403 573 1455 καὶ
596 1394 727 1473 σώματος,
753 1395 799 1458 ὅτε
822 1401 877 1477 μὲν
896 1401 977 1476 ἡμεῖς
1001 1401 1095 1476 ἐσμέν,
1121 1392 1169 1455 οὔκ
1192 1401 1265 1455 ἔστιν
1291 1392 1453 1468 tetram,

330 1476 363 1534 οὔ
381 1474 435 1556 γὰρ
460 1476 641 1554 testinata,
661 1477 706 1538 cito
726 1483 757 1538 δὲ
776 1477 791 1536 ὅ
810 1477 931 1543 θάνατος
950 1484 1034 1554 ἔστιν,
1057 1475 1105 1536 οὐκ
1130 1479 1214 1552 ἐσμὲν
1234 1475 1322 1555 ripere*
1341 1479 1380 1555 τῷ
1397 1475 1452 1553 γὰρ

328 1562 429 1634 μηκέτι
456 1554 505 1633 τὴν
533 1561 661 1616 σύστασιν
689 1560 762 1617 εἶναι
789 1562 836 1635 τῆς
864 1561 958 1635 ψυχῆς
981 1566 1028 1617 καὶ
1053 1560 1102 1616 τοῦ
1127 1555 1251 1636 σώματος
1279 1556 1343 1616 otti
1373 1555 1453 1633 ἡμεῖς

330 1642 423 1709 ἐσμέν.
496 1671 529 1679 -
547 1639 613 1700 848.
633 1649 746 1713 compta
765 1643 817 1700 cfr.
834 1643 848 1699 Ι
868 1646 929 1701 9ῦο.
1003 1673 1035 1681 -
1052 1641 1118 1700 845.
1137 1660 1189 1700 nee
1204 1644 1233 1699 oi
1247 1650 1303 1698 etc.
1323 1639 1453 1699 Codesta

329 1713 516 1782 palingenasi
528 1726 632 1772 nostra
647 1733 681 1771 ce
700 1715 730 1772 la
750 1722 890 1784 presente
906 1714 1062 1784 dapprima
1076 1732 1159 1772 come
1173 1713 1314 1783 sempliee
1329 1712 1452 1781 ipotesi;

329 1785 388 1853 poi,
404 1804 422 1841 a
440 1785 562 1853 riprova
581 1785 774 1844 dell’assunto
792 1805 854 1856 suo,
868 1788 1019 1856 aggiunge
1040 1790 1122 1849 (narn
1141 1804 1206 1843 cani
1225 1787 1371 1856 respicias
1384 1784 1454 1852 etc.)

328 1857 360 1913 la
374 1855 485 1914 diretta
501 1857 729 1916 dimostrazionc
745 1859 800 1915 che
816 1877 876 1916 non
895 1862 917 1914 si
939 1865 1033 1915 tratto
1046 1857 1074 1914 di
1090 1876 1151 1914 una
1167 1859 1175 1915 i
1181 1858 1283 1925 potest,
1296 1874 1345 1913 ma
1362 1854 1454 1913 d’nna

328 1928 434 1986 realta
506 1958 542 1968 -
560 1930 622 1986 set.
642 1932 672 1986 la
691 1934 829 1987 materies
847 1936 951 1987 nostra
970 1929 1000 1987 di
1018 1930 1072 1987 845
1091 1930 1226 1997 significa
1245 1933 1326 1986 tutta
1344 1928 1376 1984 la
1390 1946 1451 1984 ma·

330 2001 406 2057 toria
424 2004 537 2070 nostra,
552 2001 613 2059 cosi
626 2000 675 2058 del
694 2020 783 2070 corpo
803 2019 885 2059 come
905 2000 1089 2070 doll’anima3
1108 2020 1156 2058 ma
1175 1999 1306 2069 petendo
1325 2017 1450 2057 nascere

328 2074 473 2140 equivoco
492 2072 643 2142 aggiunge
663 2091 716 2141 per
736 2073 891 2131 chiarezza
911 2079 1016 2142 questo
1037 2091 1133 2141 verso,
1153 2073 1208 2129 che
1234 2090 1294 2130 non
1313 2070 1452 2140 significa

328 2143 391 2211 gia:
417 2145 463 2200 “e
482 2144 591 2202 inottre
616 2163 634 2200 a
659 2145 760 2212 quelle
788 2145 914 2202 materia
939 2146 983 2202 sia
1011 2146 1157 2214 aggiunta
1181 2144 1278 2201 anche
1307 2142 1452 2201 l’attualc
1548 2176 1549 2201 r

329 2220 431 2271 nostra
450 2217 550 2289 anima
567 2260 595 2285 „‚
620 2234 669 2272 ma
688 2216 929 2286 semplicemente
949 2216 1029 2275 dice:
1057 2215 1101 2273 “e
1126 2217 1170 2273 sia
1194 2216 1272 2273 fatto
1297 2214 1327 2271 di
1353 2233 1452 2273 nuovo
1548 2224 1549 2239 ¹

329 2288 426 2356 viva„
448 2286 659 2355 aggiuogendo
678 2289 709 2345 in
728 2289 814 2347 modo
835 2288 969 2357 espiicito
989 2288 1034 2346 cio
1054 2287 1108 2347 che
1128 2286 1177 2345 del
1193 2294 1273 2346 resto
1287 2305 1339 2344 era
1353 2285 1450 2354 impti-

329 2359 388 2416 oito
408 2358 488 2415 nella
506 2362 646 2416 materies
660 2366 763 2418 nostra
776 2361 898 2418 redacta
914 2367 946 2417 nt
960 2363 1020 2419 sita
1035 2365 1178 2418 nnnceot.
1250 2387 1286 2399 -
1304 2357 1452 2429 848.sac·
1547 2408 1548 2429 2

329 2436 400 2499 tum,
417 2431 592 2488 sostantivo.
665 2461 696 2470 m
716 2431 780 2489 849.
799 2435 962 2503 repetentia
980 2434 1094 2503 nostri;
1111 2432 1133 2487 il
1151 2429 1337 2499 rioppiccare
1350 2428 1452 2498 quella

329 2502 392 2557 vita
411 2501 515 2558 futura
527 2520 545 2558 a
558 2508 665 2570 questa
678 2509 782 2561 nostre
795 2504 918 2560 attuale.
932 2504 1062 2573 Lachm,
1082 2521 1135 2560 oon
1150 2504 1275 2567 Arane..
1287 2504 1452 2558 retinentia

329 2572 356 2642 (e
376 2572 435 2629 cosi
455 2574 566 2640 Bere),
586 2592 668 2632 come
687 2577 748 2642 ora,
767 2574 886 2644 perche,
906 2575 980 2645 dice,
1000 2576 1023 2632 si
1043 2573 1103 2645 puo
1122 2577 1339 2643 interrempere
1359 2573 1388 2629 la
1407 2591 1450 2630 re·
1546 2622 1547 2633 ,

329 2655 458 2710 tinentia
482 2672 542 2711 non
562 2653 592 2711 la
610 2658 781 2726 repetentia.
800 2637 825 2712 li
845 2661 951 2725 troppo
970 2656 1160 2725 sottiiizzare‚
1183 2673 1199 2712 e
1218 2655 1383 2724 repetentia
1402 2652 1452 2720 poi

328 2724 399 2783 ruci
420 2725 483 2782 dire
504 2724 561 2783 “la
580 2727 692 2784 facoltit
711 2728 741 2784 di
760 2733 937 2798 repetere„
955 2727 1010 2784 che
1029 2726 1089 2796 puo
1108 2728 1167 2784 ben
1182 2727 1374 2795 interrumpi.
1394 2723 1452 2781 Del

329 2807 419 2865 resto,
438 2797 620 2856 trattandosi
643 2798 671 2855 di
697 2800 803 2869 parole
821 2799 940 2856 coniata
965 2799 1003 2855 da
1027 2798 1179 2861 Lucretio,
1205 2798 1234 2854 la
1258 2794 1452 2866 questionae

330 2867 429 2926 decisa
448 2868 487 2925 da
506 2869 649 2939 Arnobio‚
668 2870 689 2925 il
709 2878 845 2928 costante
869 2871 1021 2929 imitatore
1049 2870 1078 2927 di
1104 2868 1248 2928 huorczio
1272 2868 1376 2933 (citato
1402 2864 1451 2923 dai

328 2939 458 3005 Macro),
478 2940 532 2997 ohe
552 2942 592 2998 ha
610 2947 773 3013 repetentia
791 2942 849 2999 due
869 2943 959 3000 volte.
1031 2973 1066 2981 —
1086 2941 1148 3000 850.
1168 2941 1247 2998 Mate
1267 2941 1287 2996 ii
1303 2937 1452 2997 Susemihi

328 3010 420 3082 (Part,
431 3012 477 3079 27)
491 3013 579 3070 vuoie
593 3020 626 3070 at
638 3032 692 3082 per
706 3021 732 3071 et
745 3016 772 3083 (e
783 3014 900 3082 virgola
910 3014 971 3071 alia
981 3013 1040 3072 fine
1054 3013 1102 3071 del
1115 3033 1143 3071 v.
1157 3012 1272 3082 preced.
1281 3020 1298 3080 t,
1311 3011 1366 3069 ohe
1381 3028 1451 3067 ron·

329 3082 460 3140 derebbe
475 3084 526 3152 pio
536 3084 611 3141 duro
623 3084 643 3140 il
658 3086 816 3154 passaggio
829 3085 910 3142 dalla
919 3086 1017 3145 forma
1027 3086 1169 3155 ipotetioe
1179 3085 1240 3141 alta
1250 3082 1450 3140 affernrativa.

330 3152 404 3212 “Ne
423 3172 476 3212 ora
496 3155 522 3212 oi
541 3157 669 3225 importa
687 3158 771 3214 nulla
791 3156 820 3213 di
839 3157 940 3224 quello
955 3160 1010 3215 che
1024 3160 1117 3215 siamo
1130 3158 1202 3214 stati
1221 3155 1311 3218 (nelle
1324 3154 1386 3211 rite
1400 3171 1451 3210 an·

328 3226 431 3283 teriori
451 3225 480 3282 di
499 3232 579 3285 tutto
599 3227 734 3286 l'attuale
755 3238 855 3286 nostro
874 3229 982 3296 essere)
1001 3228 1039 3286 ne
1055 3231 1081 3287 ci
1097 3228 1194 3287 diamo
1208 3227 1295 3285 alcun
1311 3225 1451 3295 pensiero
1543 3280 1544 3303 1

329 3296 358 3354 di
375 3298 494 3365 quelli
514 3298 549 3355 la
566 3300 611 3362 (de
627 3300 712 3369 iiiia),
727 3300 757 3357 di
770 3300 839 3368 quei
854 3302 948 3358 nostri
964 3301 1092 3359 ex-noi.
1109 3346 1121 3371 ,,
1197 3329 1227 3338 -
1246 3298 1384 3354 sse-859.
1400 3295 1452 3354 Se·

329 3368 423 3426 condo
442 3370 462 3425 il
482 3370 589 3427 Mnnro
609 3371 753 3429 Lucrezio
781 3373 806 3429 si
824 3372 958 3430 riferisee
983 3372 1034 3441 qui
1059 3392 1078 3430 a
1096 3371 1224 3441 qualche
1243 3370 1340 3428 teoria
1368 3385 1451 3426 come

328 3441 429 3509 quella
448 3440 502 3498 che
522 3441 668 3499 treviamo
687 3443 804 3500 riferita
827 3445 856 3500 in
877 3444 904 3500 S.
924 3445 1071 3513 Agostino
1097 3446 1131 3502 de
1152 3447 1203 3501 cie.
1223 3444 1272 3499 dei
1287 3441 1380 3499 XXII
1400 3441 1450 3496 28:

327 3512 501 3570 mirabilius
525 3520 622 3570 autern
646 3515 788 3585 quiddam
817 3515 939 3572 Maroae
969 3516 1065 3575 Varro
1087 3519 1173 3588 ponit
1197 3519 1230 3572 in
1259 3514 1349 3571 tibris
1377 3528 1450 3583 qnos
1542 3564 1543 3579 ς

328 3586 504 3654 conscripsit
522 3585 556 3641 de
573 3592 657 3647 sente
671 3588 779 3657 papati
796 3587 935 3655 Romani,
958 3591 1045 3645 enites
1066 3590 1175 3658 pictavi
1198 3586 1287 3644 rerba
1311 3588 1380 3656 ipsa
1393 3600 1450 3654 po·
1542 3586 1543 3591 ’

328 3656 427 3712 nenda
433 3676 445 3725 ;
464 3655 476 3678 ¹⁴
491 3657 672 3725 penetittiaci
688 3659 810 3728 qnidam
829 3662 1042 3729 scripserant„
1069 3663 1169 3731 inquit
1194 3651 1209 3682 α
1223 3675 1283 3715 ecoe
1308 3659 1340 3713 in
1359 3672 1450 3713 rena·

328 3727 444 3784 scentia
463 3725 632 3785 nominibus
650 3748 738 3800 quarn
751 3730 903 3800 appeliant
918 3733 1134 3802 παλιγγενεσίαν
1150 3730 1278 3787 Graeci:
1294 3728 1347 3787 noc
1360 3728 1450 3797 scrip·

328 3804 430 3855 serant
443 3800 548 3869 confici
559 3802 593 3856 in
606 3804 698 3858 annis
710 3820 833 3860 nnmero
851 3802 1081 3872 anadrinpentis
1093 3803 1307 3874 quadrariam,
1325 3806 1360 3857 nt
1373 3798 1451 3857 idem

328 3888 434 3940 corpas
456 3877 483 3927 et
506 3872 605 3928 eadem
630 3876 743 3944 anime,
767 3891 841 3944 qnae
866 3872 985 3943 fuerint
1009 3878 1167 3932 coniuncta
1193 3876 1226 3930 in
1252 3872 1371 3939 homine
1393 3869 1450 3927 an·-
1541 3892 1542 3915 t

327 3943 455 4012 qnando,
468 3943 568 3998 eadern
581 3961 690 4000 rorans
706 3945 876 4001 reticentia
890 3949 1124 4004 coniunctionem
1140 3985 1162 4014 ,,.
1181 3944 1287 4002 Anche
1303 3943 1451 4002 Crantore

328 4013 467 4077 (secondo
484 4014 562 4071 Plut.
576 4014 688 4072 Consot.
706 4017 746 4073 act
757 4015 854 4087 Apelt.
865 4034 929 4084 cap.
946 4018 977 4074 15
990 4020 1082 4076 citato
1095 4017 1145 4074 dai
1158 4016 1288 4084 Woitjer
1301 4035 1329 4085 p.
1345 4017 1377 4072 Π
1395 4013 1452 4081 eg.)

327 4093 441 4160 dioeva,
460 4096 581 4165 proprio
601 4115 683 4154 come
703 4097 862 4155 Lucrezio:
882 4099 922 4157 εἰς
941 4092 992 4170 τὴν
1010 4094 1096 4171 αὐτὴν
1116 4094 1164 4153 οὗν
1183 4094 1259 4154 τάξιν
1279 4100 1304 4151 ct
1323 4091 1451 4170 τελευτή·

327 4194 424 4235 σαντες
441 4180 623 4231 καθίστανται
642 4177 675 4253 τῇ
693 4170 747 4249 πρὸ
767 4175 814 4249 τῆς
832 4178 974 4249 γενέσεως.
992 4174 1084 4255 ὥσπερ
1100 4168 1149 4236 οἷν
1165 4171 1247 4232 οὐδὲν
1266 4173 1331 4253 ἧμῖν
1349 4165 1383 4251 ἦν
1396 4173 1452 4256 πρὸ
