3148 4696
453 244 600 319 LIBER
622 245 680 318 III
703 246 850 318 255-273
1174 246 1218 317 33

116 391 172 463 sed
195 396 329 473 tamen,
354 396 394 462 ut
417 396 535 480 potero
558 388 759 462 summatim
784 387 969 477 attingere,
995 393 1150 475 tangam.

116 488 204 561 inter
226 487 323 560 enim
350 494 491 560 cursant
514 487 706 579 primordia
730 485 980 576 principiorum

116 587 265 660 motibus
289 588 386 659 inter
409 610 454 675 se,
478 585 529 658 nil
552 594 591 657 ut
614 585 785 658 secernier
806 608 915 657 unum

117 684 222 777 possit
245 709 313 758 nec
337 685 451 775 spatio
474 684 549 756 fieri
572 684 686 757 divisa
709 691 871 774 potestas,

52 801 97 858 195
117 784 174 856 sed
196 784 301 875 quasi
326 781 458 855 multae
481 782 536 855 vis
559 781 663 854 unius
686 781 839 872 corporis
863 788 994 853 extant.

117 882 204 973 quod
228 906 346 973 genus
370 881 408 954 in
432 881 555 972 quovis
579 881 795 953 animantum
820 880 952 955 viscere
976 878 1079 967 volgo

115 987 162 1052 est
184 980 270 1053 odor
294 987 330 1052 91
354 978 496 1070 quidam
521 977 616 1051 99199
639 986 674 1051 91
697 1002 809 1068 99999,
834 985 1008 1050 ettamen
1032 1001 1075 1047 ex
1100 977 1153 1048 his

12 1152 14 1157 ⁴
116 1080 274 1153 omnibus
299 1088 353 1152 est
378 1102 487 1164 unum
510 1078 700 1169 perfectum
725 1077 878 1168 corporis
901 1099 1062 1165 augmen,

116 1178 163 1251 sic
184 1176 282 1251 99199
306 1185 412 1268 atque
436 1185 496 1249 999
518 1183 552 1248 91
575 1176 671 1248 venti
695 1199 800 1248 99999
823 1182 975 1265 potestas

21 1284 29 1295 '
55 1290 98 1347 119
118 1276 225 1349 mixta
248 1282 373 1348 creant
397 1299 503 1348 unam
526 1283 699 1362 naturam,
724 1282 759 1346 et
783 1274 920 1347 mobilis
944 1274 1005 1346 1119

116 1375 175 1465 vis,
198 1375 330 1448 initum
354 1381 468 1447 motus
492 1374 536 1446 ab
559 1398 595 1447 se
618 1398 706 1464 quae
731 1373 857 1445 dividit
880 1373 968 1459 ollis,

117 1477 257 1550 sensifer
281 1476 376 1549 unde
400 1477 512 1549 oritur
534 1476 683 1566 primum
710 1476 929 1566 perviscera
953 1483 1075 1548 motus.

118 1600 193 1647 nam
216 1575 361 1667 penitus
385 1598 544 1666 prorsum
568 1575 654 1647 latet
677 1574 764 1647 haec
787 1582 914 1646 nature
938 1576 1132 1665 subestque,

102 1768 310 1776 —-——-———

99 1878 188 1948 cipali.
204 1919 218 1946 „
249 1879 277 1936 E
307 1875 380 1946 pert
414 1875 491 1944 dopo
518 1879 665 1947 attinuere
692 1876 717 1932 si
745 1875 840 1933 limita
864 1895 882 1932 9
913 1877 1060 1946 ripetere:
1090 1885 1219 1951 turipum.

98 1949 218 2020 Dunque
237 1969 256 2008 a
284 1952 365 2006 19919
390 1948 509 2004 Bruno:
536 1965 656 2018 ponpam
674 1966 727 2018 per
748 1955 878 2017 tonpam.
942 1979 974 1986 --
994 1967 1078 2007 sorni.
1100 1957 1220 2019 opertos,

99 2022 172 2080 9191
189 2025 249 2080 139.
308 2049 344 2060 -·
354 2019 490 2074 iti-265.
507 2019 565 2087 Qui
578 2019 630 2088 piu
643 2019 698 2076 che
710 2021 768 2076 mai
780 2019 801 2075 11
814 2019 937 2077 silenzio
949 2021 1069 2079 intorno
1082 2040 1100 2078 9
1114 2040 1174 2078 unc
1188 2022 1220 2077 11-

100 2093 248 2152 mitazione
260 2090 926 2161 (1911999991999999999119919111999911919
937 2092 997 2150 9119
1008 2093 1219 2151 affermazione

100 2164 142 2222 del
156 2166 319 2223 contrario.
372 2193 405 2203 -
421 2166 639 2234 principiorum
653 2168 699 2219 919
712 2181 766 2232 per
775 2164 1018 2233 primordiorum,
1029 2165 1083 2221 che
1098 2183 1155 2222 non
1170 2182 1220 2222 en·

99 2239 141 2294 199
151 2238 386 2305 9911’9999999199;
397 2234 710 2306 dunquezprimorotiu
715 2236 952 2305 primordiorum
962 2238 982 2302 13
999 2241 1084 2294 tento
1095 2237 1219 2305 bisogna

100 2308 185 2367 undar
196 2309 281 2368 cauti
296 2307 346 2365 nel
360 2308 476 2365 victure
489 2306 604 2363 sLucr.
618 2306 695 2363 delle
708 2314 863 2364 stranezze
877 2307 907 2363 di
919 2306 1051 2377 liuguae
1065 2311 1220 2375 costruttc,

100 2382 158 2445 (cfr.
167 2384 219 2440 239
229 2382 300 2450 sm).
316 2376 377 2438 che
388 2379 418 2436 19
431 2381 588 2435 9199999999
601 2376 652 2446 qui
665 2383 746 2436 99919
760 2379 854 2436 auehe
869 2377 989 2436 unendo
1000 2383 1220 2450 principiorum

99 2470 147 2510 con
160 2454 300 2522 motibus,
318 2452 398 2509 essia
414 2453 634 2522 principiorum
652 2451 778 2509 motibus
794 2470 827 2500 :
846 2451 972 2508 motibus
993 2453 1076 2522 suia,-
1094 2452 1220 2521 bisogno
1286 2497 1291 2509 .

100 2526 158 2582 enni
176 2523 321 2583 intendet
336 2521 406 2589 9991,
422 2520 532 2590 perche
552 2525 760 2579 intercursant
778 2521 905 2580 motibus
926 2526 991 2580 cuis
1010 2530 1057 2581 sta
1079 2524 1221 2586 11999119-

100 2597 244 2655 199991999
257 2596 267 2653 1
280 2595 345 2653 1999
358 2593 550 2661 monimenti).
565 2601 681 2651 mentre
697 2594 727 2650 in
744 2596 952 2651 intercursant
965 2596 1092 2653 motibus
1104 2596 1126 2652 il
1139 2599 1220 2654 moti·

102 2665 432 2736 bussuonasuperfluo.
497 2665 916 2734 -9191199919,919.11586.
980 2666 1219 2725 -2119991991

101 2739 126 2796 si
142 2758 174 2798 99
192 2741 252 2798 che
271 2757 333 2795 una
349 2737 496 2807 proposiz.
512 2738 706 2795 avversetivu
723 2737 777 2793 ohe
798 2755 816 2793 9
835 2737 933 2805 rigore
949 2738 1091 2795 starebbe
1111 2756 1222 2798 999999

101 2814 169 2869 99119
182 2813 202 2869 11
214 2809 350 2869 dominio
361 2808 390 2866 di
400 2827 462 2866 unu
472 2809 688 2878 congiunzione
702 2810 905 2873 consecutiva,
922 2827 938 2867 9
954 2808 1059 2877 quindi
1072 2811 1220 2869 vorrebbe

102 2883 118 2939 11
130 2883 331 2954 congiuntivu
342 2882 407 2940 suoi
421 2880 555 2938 rendersi
565 2879 780 2950 indicendente
794 2899 973 2938 9999999999
985 2882 1088 2939 valore
1098 2881 1128 2938 di
1140 2883 1221 2951 prin·

14 2978 16 2981 ·
102 2954 194 3023 919919.
214 2954 272 3013 cic
288 2960 392 3011 contro
405 2953 553 3018 Frenetes,
569 2953 624 3009 che
638 2951 782 3021 pretende
804 2954 856 3020 qui
877 2953 1042 3010 necessario
1062 2960 1219 3015 9919911,-

102 3025 262 3096 119199919,
280 3043 364 3083 come
383 3027 546 3082 9119119263
565 3022 581 3082 ὸ
600 3041 662 3081 une
690 3024 834 3092 quslsiasi
859 3024 936 3082 delle
960 3028 1082 3093 quettro
1103 3033 1220 3089 nature,

102 3098 217 3168 9911991
231 3115 316 3166 sugg.
327 3097 358 3153 di
373 3102 476 3153 entant
489 3114 561 3154 sono
573 3096 602 3153 19
616 3100 737 3165 quattro
753 3102 869 3153 nature.
944 3126 976 3135 -
990 3095 1058 3153 266.
1072 3097 1222 3154 Abbiumo

102 3169 329 3237 9919191911266
345 3169 397 3226 216
412 3169 475 3233 3271
495 3174 540 3226 199
556 3168 633 3239 quod
650 3186 744 3238 ponus
812 3171 862 3233 sic,
878 3168 933 3225 che
949 3173 1100 3227 mostreno
1121 3168 1223 3227 chiuro

102 3240 149 3299 che
170 3242 252 3315 quod
269 3258 372 3310 ponus,
391 3238 508 3308 seguito
528 3240 566 3296 du
585 3243 637 3309 cic,
656 3239 672 3296 ὸ
689 3258 729 3296 un
749 3240 889 3308 complice
918 3246 958 3310 ut,
987 3259 1077 3297 senza
1105 3239 1221 3307 legeme

102 3313 248 3372 9191911199
265 3331 321 3370 999
336 3311 383 3369 cit
406 3311 461 3369 che
487 3311 627 3383 precede3
651 3311 704 3369 cfr.
724 3313 775 3369 102
795 3330 857 3379 sug.
876 3310 903 3377 (⁴⁴
916 3311 947 3367 in
967 3311 1068 3379 quella
1088 3314 1222 3369 muniere

103 3384 150 3442 che
164 3426 177 3452 „
197 3403 260 3443 non
287 3384 300 3408 “
313 3382 393 3441 della
417 3384 487 3452 qual
507 3384 642 3441 muniere
656 3384 691 3448 „).
710 3381 771 3440 cfr.
784 3384 813 3440 11
829 3387 887 3441 194.
907 3383 1012 3451 Questi
1032 3385 1109 3455 quoi
1127 3403 1221 3455 percus·

103 3473 155 3513 non
167 3475 241 3515 sono
255 3458 350 3526 punto
364 3476 393 3503 =
406 3456 584 3527 quodpcnus
597 3461 647 3512 est.
660 3454 705 3510 Un
719 3455 797 3525 qrcod
806 3473 899 3524 penem
909 3453 926 3513 9
936 3476 970 3518 =¹
982 3456 1059 3526 quod
1066 3474 1160 3525 penus
1172 3463 1222 3518 cst,

103 3529 214 3595 quando
231 3546 293 3586 non
314 3545 406 3596 segue
423 3531 473 3584 cic.
528 3557 557 3567 -
571 3527 635 3583 267.
648 3526 730 3585 color
742 3544 809 3584 mss.
822 3527 913 3584 Lech.
926 3525 1043 3585 Burni
1061 3532 1175 3586 mutato
1192 3528 1221 3583 in

104 3600 181 3666 color,
201 3599 302 3657 dietro
323 3599 346 3656 il
364 3596 518 3663 Lambino,
538 3597 576 3654 de
594 3599 702 3657 Munro
723 3616 738 3654 e
758 3598 892 3666 Brieger.
912 3598 1223 3666 (9911699999

104 3673 175 3729 rides
187 3672 296 3744 quitus
309 3677 336 3728 et
349 3670 428 3729 color
446 3677 473 3727 et
491 3688 582 3741 sopor
600 3688 663 3727 uno
681 3670 801 3727 redditu
820 3675 890 3727 99111
908 3688 973 3728 cum
994 3672 1094 3737 odore)
1112 3670 1223 3739 perche

104 3743 319 3803 calnurebbe
332 3761 394 3799 una
409 3740 488 3799 delle
507 3760 576 3800 9999
596 3759 649 3811 per
668 3741 696 3799 le
716 3741 798 3810 quali
818 3741 843 3798 si
862 3741 893 3798 ia
909 3742 960 3811 qui
975 3741 1004 3799 19
1019 3742 1225 3800 similitudine.

105 3812 148 3872 119
159 3813 175 3874 e
186 3816 289 3885 giusto
308 3815 399 3879 color,
414 3813 493 3872 99919
511 3833 572 3871 uns
589 3814 694 3871 intima
713 3816 767 3879 oie,
785 3813 840 3870 che
857 3814 866 3869 i
883 3817 996 3871 uiscera
1011 3814 1113 3871 hanno
1130 3812 1225 3872 anche

104 3885 251 3946 9991191999
266 3885 443 3945 condicione
462 3885 606 3971 normule²
619 3888 704 3943 entre
724 3885 745 3942 11
765 3902 863 3953 corpo.
887 3885 909 3941 [1
928 3886 1028 3943 991999
1039 3886 1181 3953 (secondo
1195 3886 1226 3942 19

104 3959 190 4017 199919
205 3958 234 4017 di
255 3959 401 4028 Epicuro)
421 3974 481 4015 non
499 3955 697 4026 l’ucqurstuno
716 3957 771 4013 che
790 3957 929 4013 venendo
948 3957 1009 4014 9119
1028 3955 1113 4028 1999;
1138 3959 1159 4015 11
1179 3976 1226 4014 sa·

104 4046 168 4096 pore
180 4050 195 4089 9
208 4030 322 4089 l'odore
337 4028 466 4087 l’hanno
482 4028 576 4087 auehe
590 4028 696 4086 dentre
712 4029 734 4085 11
750 4046 849 4099 corpo.
863 4029 888 4085 11
902 4029 922 4086 11
935 4028 998 4087 1999
1012 4029 1095 4087 octor
1110 4048 1170 4087 non
1184 4029 1223 4085 ha

104 4101 179 4160 nulla
193 4123 211 4161 9
227 4103 282 4162 che
298 4103 364 4161 fare
381 4100 428 4160 991
444 4101 527 4159 color
542 4119 559 4158 9
575 4101 828 4171 superemmens
845 4099 1047 4169 dell’enima13
1067 4106 1152 4159 tento
1168 4101 1223 4158 che

106 4174 195 4240 quello
210 4183 292 4234 99919
304 4193 359 4245 per
374 4171 504 4243 99919199
518 4176 628 4243 tempo,
643 4173 738 4231 anche
751 4171 865 4240 partita
879 4171 1007 4230 l'enims.
1022 4171 1047 4227 11
1060 4170 1081 4228 11
1094 4174 1223 4243 quidam,

163 4278 310 4333 1919991199.
327 4278 368 4331 Dc
383 4291 478 4330 rerum
494 4281 604 4328 notura.
1146 4277 1161 4324 3
