3088 4694
350 308 498 381 LIBER
521 307 746 382 Ivem-703
771 311 918 384 tuo-733
1132 315 1196 384 231

107 452 205 524 multa
227 453 339 525 modis
364 451 485 524 multis
509 452 545 523 in
570 459 713 525 cunctas
737 453 891 544 undiquc
916 454 1025 544 partis

106 553 223 641 tenvia,
247 577 338 644 quae
362 551 464 624 facile
488 552 580 623 inter
603 576 638 624 se
663 553 859 641 iunguntur
882 553 919 625 in
943 554 1048 643 auris,

47 669 87 726 tlt
106 651 197 723 obvia
218 676 298 723 cum
323 651 478 737 veniunt,
503 656 543 722 ut
566 674 695 722 aranea
719 651 921 742 bratteaque
945 653 1033 725 auri.

105 751 219 840 quippo
243 750 381 842 etenim
397 749 508 821 multo
532 749 646 837 magis
670 748 756 821 haec
779 756 860 822 sunt
884 751 1004 822 tenvia
1027 757 1128 822 textu

107 872 199 939 quam
223 873 315 940 quac
339 847 534 938 percipiunt
558 847 674 919 oculos
698 847 880 939 visumque
904 847 1089 936 lacessunt,

107 947 249 1038 corporis
274 948 361 1019 haec
384 947 547 1038 quoniam
573 953 757 1037 penetrant
781 971 841 1036 per
864 971 956 1036 rara,
982 948 1141 1040 cientque

106 1053 235 1119 tenvem
258 1045 369 1118 animi
391 1051 556 1118 naturam
580 1045 675 1118 intus
699 1069 905 1136 sensumque
928 1045 1112 1119 lacessunt.

47 1161 87 1217 tao
106 1145 291 1218 Centauros
315 1144 432 1234 itaque
457 1150 491 1216 et
515 1142 711 1233 Scyllarum
735 1145 891 1216 membra
914 1145 1085 1233 videmus,

106 1242 353 1333 Cerbereasque
377 1265 503 1314 canum
527 1241 642 1329 facies,
668 1241 922 1332 simulacraque
947 1268 1065 1315 sorum

105 1366 244 1431 quorum
269 1347 379 1413 morte
402 1340 499 1413 obita
521 1338 623 1412 tellus
646 1338 867 1429 amplectitur
891 1365 985 1429 ossa;

106 1465 197 1515 omne
222 1466 333 1531 genus
358 1442 521 1532 quoniam
547 1438 675 1531 passim
701 1440 889 1513 simulacra
912 1442 1084 1531 feruntur,

97 1655 311 1666 a—-ffl—-au

87 1808 221 1872 spectrum
240 1808 331 1868 tuum,
352 1809 385 1860 ut
404 1803 494 1861 simul
514 1822 549 1861 uo
561 1805 639 1862 mibi
650 1804 815 1862 collibitum
827 1807 868 1862 sit
884 1804 919 1861 de
933 1810 959 1860 te
972 1806 1111 1873 copitare,
1125 1803 1204 1861 illuct

88 1881 230 1946 occurrat;
249 1893 341 1945 acque
360 1876 454 1933 solum
475 1876 509 1933 de
530 1883 556 1934 te
575 1880 628 1948 qui
645 1877 723 1934 ruiti
741 1877 846 1934 baares
866 1879 899 1933 iu
922 1876 1080 1942 credulum
1105 1877 1157 1932 secl
1176 1879 1204 1932 si

87 1947 209 2004 insulam
227 1947 428 2005 Britanniam
447 1965 565 2019 coepero
584 1951 723 2019 ospitare,
743 1952 808 2006 eius
827 1949 944 2003 εἴδωλον
959 1947 1036 2004 mibi
1051 1946 1203 2004 advolabit

89 2018 123 2073 ai
134 2019 259 2089 pectus?
277 2018 338 2076 on.
351 2026 413 2077 uat.
430 2020 510 2078 clear.
526 2022 541 2077 1
563 2022 613 2077 108
632 2022 705 2091 quiet
723 2021 802 2092 priori
821 2021 984 2087 leoruiuuua
1000 2018 1139 2082 locarius,
1153 2036 1202 2075 ur·

89 2088 158 2147 bium
177 2109 279 2149 aarum
298 2109 373 2162 quas
392 2109 546 2162 ureaquaru
565 2094 746 2150 uidimus...
766 2093 857 2149 simul
877 2109 912 2149 ac
940 2090 1016 2148 ruibi
1038 2091 1203 2147 collibitum

88 2164 122 2217 sit
141 2169 256 2232 praesto
282 2169 325 2220 est
351 2164 472 2234 irncqa?
542 2193 577 2204 -·
600 2162 661 2221 iil.
688 2167 796 2233 leucia,
821 2164 852 2220 in
877 2162 1029 2232 postulone
1055 2161 1202 2229 onfatica3

90 2233 190 2291 “tenui
209 2252 262 2303 per
283 2233 452 2292 eccellenza
468 2278 491 2305 „.
564 2264 596 2275 ·-
617 2254 692 2307 quae
711 2236 804 2307 facile
822 2239 904 2292 iuter
923 2253 953 2291 sc
972 2238 1141 2304 iuupuutur
1150 2253 1163 2306 ;
1181 2233 1202 2289 il

89 2309 168 2371 poeta
187 2324 270 2363 corre
291 2306 391 2364 subito
411 2306 449 2364 ad
469 2323 618 2365 accennar
637 2312 744 2376 questa
764 2307 960 2371 circostanza,
978 2303 1089 2374 perchb
1102 2305 1142 2362 ba
1157 2323 1202 2362 so·

90 2382 213 2443 pratutto
231 2378 261 2434 in
283 2383 383 2435 mente
403 2397 419 2436 c
439 2396 458 2435 a
478 2397 567 2437 cuore
588 2379 617 2436 di
637 2380 757 2448 splegar
771 2379 799 2437 le
813 2396 892 2437 vane
907 2376 1052 2436 oreilenze
1065 2379 1096 2434 in
1108 2377 1200 2434 asseri

90 2464 164 2506 come
182 2449 207 2505 le
227 2450 360 2508 chimera
380 2469 396 2508 e
416 2450 513 2507 simili.
586 2481 618 2490 —
641 2451 702 2509 725.
722 2457 755 2508 ut
774 2470 889 2509 aranea
914 2450 1086 2520 bratteaque
1109 2451 1202 2517 auri;

90 2517 160 2578 forse
178 2522 225 2579 nel
243 2521 377 2579 medicas
397 2522 470 2590 tagli
490 2542 506 2579 c
526 2521 596 2581 lieri
616 2524 705 2580 ferite
724 2541 859 2582 usarano
878 2522 1044 2590 ragnstela
1065 2523 1202 2589 equesta

91 2599 188 2658 potera
207 2611 286 2652 esser
307 2592 484 2652 l’occasionc
505 2593 534 2650 di
555 2612 710 2652 asservare
731 2613 813 2653 coms
833 2593 1065 2664 pieragostini,
1085 2590 1204 2662 apperte

92 2668 238 2735 aecostate,
262 2667 286 2723 si
311 2667 425 2723 univan
452 2665 513 2723 cosi
542 2665 580 2722 da
604 2685 662 2725 non
688 2669 800 2735 potersi
824 2667 877 2735 pib
902 2666 1096 2733 distinguere.
1126 2663 1203 2731 Coei,

93 2734 279 2795 noll’indorar
297 2737 424 2805 qualche
441 2743 574 2807 aggesto,
590 2738 618 2796 le
638 2739 794 2806 foglioline
810 2737 901 2808 d’oro,
921 2755 1039 2806 appena
1055 2740 1206 2792 accostato

93 2822 159 2863 eun
172 2809 424 2877 po’sovrapposte
441 2809 470 2867 le
488 2828 548 2867 une
569 2811 627 2868 alle
644 2810 731 2879 altre,
752 2809 775 2867 si
792 2808 1018 2867 confondevano
1035 2808 1066 2864 in
1081 2826 1141 2864 una
1157 2826 1203 2863 sn·

93 2877 199 2943 perficis
217 2884 297 2939 tutta
311 2881 404 2938 unita.
472 2911 503 2921 -
520 2880 576 2935 tuo
590 2901 633 2950 sg.
654 2881 706 2940 S'b
720 2888 886 2939 acconnato
905 2880 1147 2950 (nell’Excursus
1160 2879 1203 2937 Ill

94 2964 164 3008 come
181 2952 418 3021 probabilmento
438 2952 458 3009 il
478 2960 568 3021 pocta
594 2983 629 2993 -
656 2972 673 3011 o
698 2972 751 3022 por
778 2954 806 3011 lo
826 2971 912 3010 meno
932 2953 1062 3020 Epicuro
1088 2984 1122 2992 —
1141 2968 1200 3007 non

95 3018 204 3080 intends
222 3025 325 3093 parlar
344 3025 568 3094 propriamenta
588 3025 686 3082 d'una
705 3026 803 3095 specio
823 3024 849 3081 d’
860 3023 933 3081 idoli
958 3024 987 3080 di
1014 3023 1133 3105 diversa
1152 3039 1205 3105 na·

95 3093 153 3151 tura
170 3094 215 3153 dei
234 3096 332 3162 uisivi,
352 3115 401 3153 ma
420 3096 449 3153 di
470 3098 569 3165 questi
589 3098 676 3155 stessi
693 3097 722 3154 in
736 3103 849 3165 quanto
865 3096 964 3153 errino
979 3094 1079 3151 isolatr
1098 3096 1127 3161 (e
1140 3111 1203 3149 sran

96 3164 180 3223 lalora
197 3167 342 3237 d'origine
361 3167 521 3236 sistasica).
541 3168 601 3226 ou.
618 3169 717 3226 infstti
735 3169 794 3226 cie.
812 3169 879 3224 Dic.
896 3168 1001 3223 11137.
1023 3166 1112 3236 Qreeru
1126 3166 1205 3221 euius

97 3236 382 3297 tenerrimarum
402 3259 421 3297 a
439 3259 483 3297 rue
503 3240 616 3310 pietus?
642 3240 771 3311 Speciem
799 3241 884 3296 credo
910 3242 974 3295 eius
1000 3244 1026 3294 et
1046 3238 1205 3305 iruupiueuc

97 3312 123 3362 ul
139 3306 299 3369 Democrito
317 3313 442 3370 uidetur.
475 3312 557 3369 Uriae
574 3312 739 3384 profectum
764 3312 952 3380 iutapiueuu?
977 3311 1006 3366 A
1031 3307 1204 3379 corporibus

97 3381 164 3438 euim
181 3384 284 3441 solidis
304 3390 330 3441 et
349 3402 368 3441 u
388 3386 477 3440 certis
495 3385 602 3454 pipuris
621 3385 682 3442 cult
701 3384 794 3454 iecere
820 3386 974 3451 iruupiues.
1002 3380 1084 3451 Quart
1110 3383 1205 3449 ipitur

98 3448 184 3511 Marii
200 3473 305 3527 corpus
324 3456 413 3513 erat?
438 3455 487 3512 Eu
507 3474 547 3526 eo,
566 3459 673 3527 inarsit,
699 3457 776 3527 quael
798 3454 909 3526 ficerat.
983 3483 1016 3491 -
1035 3454 1205 3523 percipiunt

98 3525 200 3598 ocstlos;
208 3530 359 3597 percipere
375 3525 558 3595 “occupare
570 3528 681 3597 colpiro
695 3550 725 3596 „3
740 3527 767 3584 V
781 3528 833 3583 603
847 3532 920 3584 airu
932 3529 1081 3597 percipiat
1096 3524 1204 3590 uralar·;

35 3664 36 3667 Ἴ
97 3590 137 3650 ΙΙΙ
154 3598 186 3654 28
203 3600 337 3670 uoluptas
352 3601 481 3670 percipit
500 3605 586 3670 atque
606 3600 730 3668 borram·
754 3599 823 3655 Tor.
841 3599 927 3655 rubis
952 3599 1053 3655 aelium
1077 3614 1121 3651 ure
1135 3613 1206 3665 per·

35 3720 37 3743 ᾖ
98 3666 167 3734 cipit.
235 3701 270 3709 -
289 3670 350 3724 7⁶28.
366 3673 498 3741 corporis
509 3690 562 3740 per
574 3690 666 3741 rara;
681 3672 729 3740 pei
742 3669 779 3725 ai
800 3692 826 3724 οι
840 3673 933 3735 (como
947 3669 1011 3725 (lico
1025 3666 1206 3734 Democrito,

36 3786 37 3791 ,
98 3738 148 3794 elo
160 3743 249 3800 stesso
262 3741 392 3810 Epicuro
406 3742 453 3799 nel
468 3741 584 3800 framm.
600 3745 692 3800 citato
708 3742 765 3800 vol.
781 3692 797 3799 i
815 3762 842 3811 p.
855 3744 917 3809 toa)
934 3760 949 3797 e
965 3739 1025 3798 cosi
1044 3737 1205 3794 arrivando

37 3842 38 3851 ,
98 3806 123 3862 al
135 3815 220 3882 petto,
237 3812 308 3870 sede
324 3812 523 3872 dell’auimus.
584 3845 617 3854 -
634 3815 693 3869 isa.
711 3822 828 3885 tenacia,
847 3832 921 3883 pura
940 3812 975 3876 in
989 3810 1140 3892 posizione
1156 3827 1206 3892 en:

98 3876 216 3963 salicae
231 3903 285 3943 con
303 3903 389 3943 senso
405 3885 539 3945 causale:
562 3885 573 3911 ¹⁴
588 3886 698 3957 perche
714 3894 804 3944 tenuo
818 3885 897 3942 assai
910 3884 962 3953 piu
976 3884 1030 3940 che
1044 3881 1085 3949 gli
1099 3898 1206 3948 organi

99 3947 139 4008 der
157 3956 230 4013 sensi
248 3978 279 4024 „3
300 3955 354 4014 cfr.
371 3958 431 4014 746.
505 3986 537 3998 -
557 3977 693 4029 seusum;
713 3960 729 4015 i.
750 3978 775 4015 e.
796 3960 899 4014 auirrei.
973 3984 1007 3994 -
1023 3952 1086 4010 730.
1106 3955 1206 4022 itaque

99 4031 161 4104 :et
178 4030 226 4085 ita.
300 4058 332 4066 -
353 4029 412 4085 ibt.
430 4027 513 4086 Cerb.
533 4048 640 4088 carerem
657 4031 761 4102 facies,
781 4029 886 4086 invece
906 4026 935 4083 di
956 4025 1091 4084 “canino
1110 4024 1204 4081 faceis

100 4090 124 4149 dt
141 4095 264 4158 Cerbero
279 4121 308 4169 „3
328 4099 381 4157 cfr.
400 4101 415 4157 Ι
435 4101 539 4159 ronta.
613 4132 646 4141 -
663 4103 726 4159 732.
740 4102 792 4159 cir.
809 4102 890 4157 1134
903 4117 1001 4156 eoram
1015 4098 1111 4154 Morte
1127 4094 1206 4177 abitu

100 4181 211 4233 quorum
229 4171 318 4229 tellus
337 4173 524 4243 conplectitur
543 4192 618 4231 assu.
643 4174 815 4232 Lachmann
841 4189 962 4231 asserva
987 4170 1042 4227 cho
1061 4169 1206 4225 Lucromo

101 4233 134 4294 hc
151 4240 204 4299 ben
222 4247 327 4312 potato
346 4245 416 4301 unir
434 4245 485 4312 qui
505 4263 605 4303 eorum
621 4264 754 4318 quarunt,
771 4263 819 4302 ma
837 4243 1005 4301 haesitato
1021 4240 1051 4298 lt
1067 4240 1087 4297 il
1104 4239 1206 4296 brutto
