3088 4694
428 299 575 373 LIBER
597 299 652 372 IV
675 300 824 372 uel-984
1113 298 1179 368 253

85 467 141 516 uos
162 467 263 534 agere
286 443 354 516 hoc
377 452 494 516 autem
517 450 551 515 et
575 448 738 514 naturam
763 464 926 532 quaerere
950 463 1066 511 rerum

84 566 208 633 semper
230 549 265 615 et
288 543 470 615 inventam
493 540 618 631 patriis
641 563 812 631 exponere
837 538 978 611 chartis.

85 649 188 714 cetera
211 641 262 715 sic
286 641 405 714 studia
429 648 532 731 atque
557 647 649 712 artes
672 638 875 730 plerumque
898 637 1063 710 videntur

83 739 265 815 insomnis
290 741 425 813 animos
449 739 629 812 homiuum
653 739 824 811 frustrata
846 746 973 809 tenere.

25 858 67 913 uso
86 846 116 910 et
137 840 344 930 quicumque
368 838 442 912 dies
468 837 593 911 multos
617 861 661 910 ex
685 836 805 910 ordine
829 836 921 910 ludis

87 937 241 1011 adsiduas
266 938 438 1011 dederuut
461 960 593 1028 operes,
619 936 822 1027 plerumque
845 934 1014 1021 videmus,

86 1060 155 1108 cum
178 1037 249 1110 ium
274 1036 486 1110 destiterunt
509 1060 550 1108 ea
574 1035 732 1108 sensibus
756 1057 933 1124 usurpare,

85 1134 223 1208 relicuas
247 1141 367 1208 tamen
391 1159 463 1208 esse
486 1135 563 1208 vias
585 1134 624 1206 in
648 1138 762 1205 mente
786 1132 946 1223 patentis,

87 1257 148 1324 qua
169 1234 305 1325 possint
329 1235 446 1307 eadem
473 1258 589 1308 rerum
613 1231 800 1305 simulacra
823 1231 958 1303 venire:

27 1347 68 1405 915
86 1357 140 1422 per
160 1333 290 1406 multos
315 1332 433 1424 itaque
456 1333 519 1406 illa
542 1333 616 1404 dies
640 1331 758 1404 eadem
783 1331 1012 1404 obversantur

87 1438 158 1503 aute
181 1431 312 1521 oculos,
336 1432 442 1505 etiam
465 1430 653 1522 vigilantes
677 1436 717 1501 ut
739 1430 926 1502 videantur

87 1553 217 1602 cernere
241 1530 405 1603 saltantis
429 1539 462 1603 et
486 1529 605 1603 mollia
628 1529 785 1601 membra
809 1527 989 1616 moventis,

87 1632 116 1699 et
136 1628 291 1702 citharae
315 1628 488 1721 liquidum
511 1652 651 1701 carmen
674 1627 890 1717 chordasque
913 1626 1089 1719 loquentis

87 1728 219 1802 auribus
244 1728 412 1818 accipere,
436 1735 471 1800 et
494 1751 688 1800 consessum
715 1749 854 1798 cernere
878 1726 1024 1797 eundem

30 1838 70 1895 980
90 1827 265 1919 scenaique
290 1826 393 1899 simul
416 1825 531 1899 uarios
555 1824 733 1916 splendere
757 1825 905 1897 decores.

87 1950 185 2018 usque
208 1927 297 2000 adeo
320 1926 442 2015 magui
465 1926 571 1999 refert
594 1924 748 1999 studium
771 1932 875 2015 atque
899 1922 1070 2014 voluptas,

11 2022 12 2087 Ϊ
88 2029 117 2094 et
138 2025 263 2115 quibus
288 2025 325 2096 in
349 2025 451 2098 rebus
476 2023 677 2097 consuerint
700 2047 773 2095 esse
797 2022 930 2113 operati

88 2146 149 2195 uon
170 2123 330 2197 homiues
353 2123 465 2196 solum
488 2124 548 2197 sed
571 2146 653 2195 vero
677 2121 844 2194 animatia
868 2129 1003 2195 cuncta.

11 2244 12 2249 ’
90 2222 206 2314 quippe
229 2223 366 2298 videbis
389 2248 496 2316 equos
518 2223 628 2312 fortis,
653 2246 732 2295 cum
756 2223 912 2295 membra
935 2222 1106 2311 iacebunt,

77 2436 278 2450 -Μ--α--α-

14 2600 15 2653 3
74 2579 118 2640 che
135 2583 224 2668 Festo
245 2582 312 2642 dice
328 2602 430 2668 'essere
450 2587 594 2656 peractio.
620 2583 671 2642 Mc
695 2585 717 2642 il
741 2588 831 2655 poeto
855 2585 919 2644 dice
947 2586 1051 2670 decere
1079 2587 1185 2646 bellum

15 2800 16 2803 Ν
73 2671 181 2785 erere
197 2652 390 2786 diiddd'
392 2656 558 2800 &addid
574 2663 696 2787 {dadi
697 2656 795 2787 edd}
805 2677 938 2788 suurn
947 2677 978 2788 ¹1¹}
992 2678 1185 2790 diffidit

74 2824 103 2880 ὴ
120 2799 184 2868 Brg.
201 2800 344 2858 duellum.
439 2828 443 2842 =
468 2801 537 2859 997.
561 2801 696 2872 coorti&
719 2801 757 2858 du
784 2802 905 2860 ritortoe
931 2821 949 2859 a
977 2800 1140 2876 “lingua‚,
1165 2804 1187 2861 il

75 2869 218 2940 naggioe
244 2871 415 2940 lunghetto.
493 2903 527 2912 -
552 2873 622 2930 999.
649 2875 766 2932 animos
793 2892 860 2943 ogg.
883 2874 914 2931 di
940 2872 1030 2944 fruet.
1057 2894 1073 2933 e
1099 2875 1129 2933 di
1149 2883 1188 2933 te·

75 2957 140 2999 nere.
209 2971 246 2984 -
267 2944 335 2998 979.
354 2943 464 3013 Ognnu
483 2944 602 3002 ricorde
622 2944 676 3003 che
696 2945 727 3002 iu
747 2945 842 3003 Roma
865 2945 895 3002 in
915 2953 996 3003 certe
1015 2947 1186 3006 ricorrenze

75 3009 171 3072 testere
190 3016 216 3072 si
236 3015 355 3073 daucuo
375 3016 534 3085 spettaccli
554 3017 609 3075 che
629 3016 785 3075 duravano
811 3017 952 3086 pcrecchi
977 3018 1093 3090 giorni3
1119 3038 1135 3077 e
1155 3021 1186 3076 in

76 3085 136 3151 quei
153 3086 252 3154 giorni
269 3087 281 3144 i
301 3088 370 3145 ludi
386 3089 412 3146 si
429 3087 659 3157 prolungcvcno
679 3106 695 3146 s
715 3089 740 3146 si
758 3089 1004 3157 multiplicovono
1031 3089 1099 3161 (per
1122 3092 1186 3148 dies

76 3157 170 3214 multos
189 3176 225 3216 cx
244 3159 350 3218 ordine
371 3159 473 3232 ludi);
491 3178 507 3218 s
527 3159 557 3217 lo.
576 3179 701 3218 comune
720 3162 836 3219 smuuia
855 3160 885 3217 di
905 3160 1018 3218 coelesti
1044 3162 1115 3225 ludi,
1143 3180 1185 3219 sc·

76 3231 258 3311 guqtamcute
274 3230 354 3288 dello
367 3232 577 3302 spettacoloso‚
591 3231 693 3290 deride
707 3234 758 3302 qui
771 3233 1016 3290 indirettcmente
1032 3232 1186 3297 Lucrczio,

78 3295 167 3358 dende
186 3301 340 3371 Cicerone,
359 3300 462 3361 deride
481 3303 600 3376 Orczio,
619 3323 680 3362 ecc.
754 3335 786 3343 -
811 3323 846 3362 ex
865 3305 970 3362 ordine
997 3304 1010 3329 “
1025 3323 1084 3362 nou
1103 3323 1186 3362 men-

77 3370 158 3453 tando
176 3392 194 3430 c
210 3393 251 3431 un
270 3375 333 3432 solo
346 3412 371 3441 „.
445 3405 478 3415 -
489 3376 551 3433 979,
568 3395 602 3434 ec
617 3377 642 3434 si
656 3376 791 3434 riferisce
808 3375 918 3446 aludi3
938 3376 961 3432 il
974 3381 1082 3434 neutro
1095 3395 1186 3445 geue·

77 3440 175 3501 relisus
194 3462 211 3503 c
230 3464 363 3505 arcenus
383 3446 444 3504 clla
464 3447 527 3505 loro
546 3447 660 3516 grande
679 3447 806 3505 varietd.
880 3477 911 3487 -
927 3465 1003 3505 seno.
1016 3467 1119 3520 resurp.
1132 3450 1185 3508 cfr.

77 3514 159 3573 oculis
171 3535 320 3590 usurpare
332 3518 348 3575 Ι
361 3520 422 3576 301.
459 3548 493 3557 —
505 3519 570 3574 979.
583 3518 671 3577 Nellc
685 3519 749 3578 loro
762 3518 894 3576 fantasia
906 3527 1028 3577 restcno
1043 3519 1187 3590 (relicuos

22 3654 23 3657 Ἴ
78 3585 142 3655 ecce)
162 3589 335 3658 spaiaucate
353 3590 382 3648 le
401 3596 487 3660 porte
507 3591 567 3660 agli
593 3590 665 3649 idoli
691 3591 721 3647 di
746 3591 816 3660 quei
841 3590 992 3649 medesimi
1019 3593 1186 3662 spettocoli.

77 3652 98 3712 Ii
109 3665 199 3718 restat
212 3662 238 3719 le
251 3663 300 3720 vie
313 3665 419 3732 aperte
437 3660 526 3720 nond
542 3662 596 3720 che
616 3680 657 3718 uu
669 3662 756 3720 modo
769 3663 886 3731 poetico
902 3681 955 3731 per
969 3662 1032 3721 dire
1046 3664 1100 3721 che
1117 3665 1187 3733 quei

78 3733 205 3797 regnanti
222 3733 249 3801 (e
269 3733 366 3792 anche
386 3734 540 3803 regnanti,
561 3735 626 3803 976)
649 3733 750 3792 hanno
769 3734 798 3792 la
818 3741 919 3792 moute
938 3752 1055 3805 sempre
1078 3735 1187 3793 flesso

79 3802 168 3870 (luegli
186 3802 264 3863 idoli.
338 3834 374 3844 -
394 3806 494 3863 eadem
511 3823 614 3863 rerum
632 3808 844 3864 simulacra:
855 3808 1017 3864 eorundem
1031 3825 1131 3865 rerum
1148 3811 1188 3865 si·

79 3872 211 3956 metuero.
280 3909 316 3920 -
335 3877 397 3933 977.
417 3876 478 3934 ofr.
499 3878 559 3934 787.
634 3907 666 3917 -
688 3877 759 3935 978:
779 3877 834 3936 che
848 3878 871 3934 si
885 3877 944 3947 pud
959 3879 1078 3945 portare
1092 3879 1188 3937 suche

25 3946 27 4005 i
79 3938 104 3996 dl
120 3944 188 4028 ιᾴοἰί
203 3948 300 4006 sonori
315 3947 441 4016 (sebbeu
456 3948 555 4016 questi
567 3966 626 4006 uon
640 3950 725 4008 siano
739 3956 913 4007 veromente
927 3951 1027 4003 εἴδωλα
1040 3969 1088 4007 ma
1103 3945 1188 4022 ὄγκοι,

80 4012 140 4096 rede
157 4035 174 4073 c
193 4019 243 4075 529
262 4021 350 4089 egre),
369 4038 385 4078 e
405 4023 501 4078 anche
520 4018 550 4077 di
570 4023 669 4089 questi
688 4040 725 4079 ve
745 4021 822 4078 n’ha
841 4021 870 4077 di
887 4021 1020 4078 effluenti
1034 4022 1084 4079 dui
1098 4024 1188 4093 corpi,

80 4080 106 4139 dr
121 4089 270 4157 vcgolouti
290 4092 391 4149 isolcti
412 4110 428 4148 e
448 4091 509 4151 cosi
527 4093 612 4150 tenui
632 4093 685 4151 che
705 4093 826 4151 l'anirno
845 4093 866 4150 li
885 4111 974 4161 possa
987 4095 1148 4155 avvertire,
1168 4096 1189 4152 il

81 4169 157 4216 tenso
174 4178 220 4218 no.
291 4193 324 4202 -
346 4162 402 4217 989
421 4164 474 4221 cfr.
495 4166 538 4220 77.
611 4195 643 4203 -
663 4165 727 4221 981.
740 4168 847 4237 enopni
856 4163 913 4236 res.
927 4167 1003 4222 cited·
1018 4170 1073 4224 ete.
1092 4151 1189 4225 dufue-

82 4235 181 4293 ruente
199 4250 238 4291 un
255 4252 410 4305 merome,
428 4254 476 4294 mc
495 4253 565 4294 raro
591 4254 632 4292 un
656 4240 780 4294 sostcnt.
801 4256 882 4306 sugg.
903 4236 932 4294 di
952 4236 1055 4309 refert.
1080 4237 1158 4297 Vedi
1178 4238 1188 4294 i
