3088 4694
308 254 374 326 250
624 251 689 325 DE
712 251 887 325 RERUM
909 250 1118 324 NATURA

331 403 578 488 proptereaque
601 396 672 468 fere
696 420 750 468 res
773 419 892 468 omnes
915 401 976 466 aut
1000 395 1093 467 corio
1117 402 1198 468 sunt

330 501 392 567 aut
415 494 519 566 etiam
543 493 683 566 conchis
707 499 768 567 aut
792 493 880 566 callo
903 498 964 565 aut
988 493 1115 566 cortice
1140 500 1265 567 tectae.

329 593 529 666 interiorem
554 593 658 665 etiarn
683 599 817 683 partem
841 591 1055 682 spirantibus
1079 601 1139 665 asir

254 713 307 771 935
329 692 491 765 verberat
513 690 572 764 hic
594 691 696 780 idem,
721 714 800 763 curn
824 690 964 762 ducitur
987 697 1091 781 atquc
1114 686 1284 765 reflatur.¹

329 814 435 882 quare
459 791 634 881 utrimque
658 813 757 863 secus
780 813 860 861 cnm
883 812 1008 879 corpus
1030 789 1182 880 vapulet,
1205 798 1239 863 et
1263 815 1341 863 cum

330 887 533 979 perueniant
557 888 682 978 plagae
706 912 767 979 per
790 911 901 978 parva
924 887 1099 960 foramina
1121 888 1221 961 nobis

330 986 481 1077 corporis
505 987 550 1058 ad
574 987 704 1076 primas
730 986 837 1076 partis
861 986 1100 1077 elementaque
1123 985 1246 1076 prima,

227 1176 230 1181 y
328 1086 368 1158 fit
391 1084 491 1176 quasi
514 1084 685 1176 paulatim
708 1083 809 1157 nobis
833 1107 893 1174 per
916 1084 1073 1156 membra
1096 1082 1208 1156 ruina.

253 1203 306 1260 940
329 1186 582 1257 conturbantur
605 1183 698 1256 enim
723 1183 897 1274 positurae
921 1182 1172 1273 principiorum

331 1284 483 1374 eorporis
507 1291 612 1374 atque
636 1282 755 1355 animi.
779 1282 819 1355 fit
842 1281 896 1353 uti
919 1306 1000 1372 pars
1023 1282 1103 1354 inde
1126 1280 1258 1353 animai

328 1381 483 1466 eiciatur,
508 1388 542 1454 et
565 1382 756 1454 introrsum
782 1405 861 1470 pars
885 1381 1004 1453 abdita
1028 1380 1137 1469 cedat,

329 1505 409 1571 pars
432 1480 539 1553 etiam
562 1480 730 1552 distracta
754 1502 814 1570 per
837 1485 934 1552 artus
957 1502 1027 1551 non
1051 1486 1155 1569 queat
1178 1503 1251 1552 esse

329 1578 514 1651 coniuncta
537 1579 629 1651 inter
652 1603 688 1651 sc
711 1602 822 1669 neque
845 1584 942 1650 motu
966 1586 1088 1650 mutua
1112 1578 1233 1667 fungi:

253 1697 306 1755 945
329 1677 419 1750 inter
443 1677 537 1749 enirn
561 1676 671 1767 saepit
695 1682 811 1749 coetus
835 1682 963 1748 natura
985 1676 1149 1767 viasque:

328 1800 413 1867 ergo
436 1800 557 1849 scnsus
581 1775 655 1848 abit
678 1774 823 1846 mutatis
847 1775 997 1847 motibus
1020 1774 1107 1855 alte;

328 1882 362 1946 et
386 1875 550 1960 quoniam
573 1881 718 1946 nonest
742 1873 841 1964 qnasi
864 1873 955 1964 quod
979 1873 1156 1945 suffulciat
1180 1881 1287 1961 artus,

328 1972 441 2044 debile
464 1973 503 2045 fit
527 1997 661 2061 corpus,
685 1971 985 2061 languescuntque
1009 1973 1126 2044 omnia
1150 1974 1316 2059 membra,

328 2071 471 2144 brachia
494 2071 745 2162 palpebraeque
770 2071 909 2159 eadunt,
935 2070 1147 2162 poplitesque
1170 2069 1313 2144 cubanti

309 2264 523 2274 --—..---—-

306 2380 337 2438 in
351 2382 388 2440 ab
401 2382 476 2441 ibus.
489 2380 547 2449 Ma,
561 2398 643 2437 come
656 2379 716 2437 ben
735 2396 856 2437 osserva
870 2377 891 2434 il
907 2378 956 2446 M,
970 2380 1064 2436 airiis
1077 2382 1165 2439 uaris
1181 2399 1213 2429 z
1229 2383 1311 2437 airis
1330 2383 1426 2438 auris.

305 2452 368 2511 cfr.
383 2453 415 2511 Il
435 2454 597 2523 leopertus
616 2453 779 2509 hantunam
793 2469 928 2522 qaorum,
946 2468 962 2506 e
979 2450 1008 2507 la
1027 2455 1100 2509 nota
1119 2450 1175 2522 iv13
1195 2471 1222 2509 v.
1242 2452 1339 2509 anche
1357 2459 1428 2510 ncta

307 2525 414 2592 Meyer
434 2524 551 2582 aGior.
566 2523 642 2581 XIV
661 2526 705 2581 24.
724 2521 890 2580 Oonl'ronta
906 2522 1011 2591 anche,
1027 2522 1072 2581 col
1090 2523 1206 2589 Munro,
1223 2522 1283 2581 Cic.
1300 2525 1340 2581 ed
1356 2522 1429 2594 fani.

304 2597 364 2654 XV
378 2595 411 2654 19
429 2601 550 2668 propter·
568 2601 686 2667 spectra
710 2593 849 2664 Catinae,
866 2612 922 2664 pro
947 2613 1002 2664 prro
1025 2598 1080 2652 etc·
1108 2595 1184 2654 Aen.
1212 2595 1294 2653 [694
1325 2614 1427 2653 vereor

306 2687 362 2740 qno
393 2687 423 2726 se
443 2669 590 2726 [arcionia
617 2673 734 2725 vertant
761 2664 922 2738 Hospitio:
947 2667 1029 2724 baad
1053 2673 1136 2725 tanto
1159 2667 1292 2725 cessabit.
1318 2666 1427 2735 Plinio,
1527 2692 1528 2723 r

304 2740 427 2798 XXXV
446 2741 463 2798 5
483 2742 630 2811 epicureos
648 2739 744 2797 aoltas
760 2757 815 2809 per
834 2737 969 2796 cubicula
985 2743 1119 2808 pestant:
1137 2740 1239 2797 netuli
1251 2741 1316 2796 eins
1334 2742 1428 2796 sacri·

305 2814 405 2883 ficeret.
486 2841 514 2850 -
532 2810 595 2868 999.
615 2829 660 2880 sg.
674 2809 799 2868 Ouriosa
815 2813 923 2878 questa
942 2810 1039 2867 uscita
1054 2809 1084 2867 di
1108 2829 1214 2879 sapore
1240 2810 1428 2879 teleologico.

305 2882 451 2941 Lucrezio
470 2902 524 2952 por
543 2883 620 2939 altro
640 2881 786 2951 potrebbe
812 2880 977 2939 dilendersi
1003 2900 1058 2940 eon
1078 2883 1148 2950 qual
1167 2881 1314 2952 principio
1334 2881 1364 2939 di
1385 2901 1430 2940 se-

305 2955 431 3020 lezione,
449 2954 479 3011 di
499 2954 547 3012 cui
562 2953 702 3012 vedremo
717 2973 758 3011 un
771 2953 905 3012 abbczzo
925 2953 974 3011 nel
990 2953 1018 3010 V
1031 2953 1118 3012 libro.
1191 2985 1226 2993 -
1237 2954 1303 3011 936,
1319 2958 1428 3011 atrim-

306 3046 360 3099 qae
380 3045 478 3096 secam
493 3045 575 3084 secas
587 3049 622 3072 2·
635 3027 803 3094 secandam,
822 3023 891 3083 eda
908 3024 1064 3083 intendore
1084 3044 1166 3084 corne
1182 3026 1213 3083 in
1236 3029 1431 3096 extrinsecas,
1526 3088 1527 3099 χ

307 3102 498 3167 intrinsecae,
525 3100 722 3165 altrinsecas,·
747 3099 825 3156 essia
850 3098 936 3165 quasi
956 3116 997 3154 un
1020 3101 1169 3170 utrimque
1187 3116 1298 3156 versas.
1318 3097 1427 3155 Munro

306 3171 366 3229 cita
385 3170 479 3228 Lucil.
495 3170 589 3229 XXll
609 3169 762 3242 Zopyrion
783 3169 883 3227 lubeas
902 3169 998 3226 caedit
1017 3172 1166 3241 utrimque
1185 3188 1274 3236 secas,
1295 3187 1312 3226 e
1332 3170 1428 3228 anche

306 3242 420 3302 Catone
440 3261 456 3300 c
476 3243 615 3312 Apuleio.
696 3272 729 3280 —
750 3241 814 3299 998.
834 3241 887 3298 cfr.
906 3242 967 3298 892.
1044 3271 1079 3279 -
1099 3241 1168 3299 999.
1189 3242 1247 3310 Qui
1266 3258 1321 3310 par
1340 3241 1427 3310 qnasi

306 3315 361 3372 ebe
380 3313 401 3371 il
417 3313 552 3372 fiaccarsi
572 3314 650 3372 delle
667 3313 799 3371 membra
818 3313 863 3371 sia
878 3312 1037 3370 attribuito
1054 3312 1267 3371 direttamcnte
1286 3331 1305 3370 a
1321 3320 1429 3382 questa

307 3390 455 3454 tempesta
470 3385 500 3442 di
515 3385 593 3456 colpi
609 3387 706 3455 aerei;
720 3406 768 3443 rna
784 3384 800 3443 ὸ
814 3384 853 3442 da
872 3384 956 3453 legar
969 3402 1025 3442 con
1037 3385 1138 3453 quello
1157 3386 1212 3444 che
1228 3403 1331 3457 segue,
1344 3385 1431 3454 dore,

306 3457 437 3515 sebbene
457 3476 517 3515 non
537 3458 654 3515 esclusa
673 3457 721 3515 dcl
740 3461 820 3515 tutto
839 3457 936 3514 anche
955 3461 1064 3524 questa
1088 3476 1189 3527 causa,
1207 3455 1313 3532 poiche
1333 3458 1429 3515 anche
1525 3480 1526 3491 ¹

307 3533 441 3602 corporis
458 3533 678 3601 principiorum
695 3533 849 3600 positurae
863 3528 1093 3600 pertrabuntur,
1112 3529 1137 3586 si
1156 3529 1232 3587 rede
1252 3530 1307 3586 che
1327 3547 1429 3599 sopra·

307 3607 386 3663 tutto
411 3621 465 3671 per
493 3602 523 3659 la
541 3605 635 3660 rainu
659 3600 839 3659 dcll’anirna
858 3602 945 3658 vieno
970 3618 988 3658 a
1008 3620 1149 3659 mancare
1175 3601 1253 3673 priori
1270 3599 1429 3730 suffulciet
1525 3628 1526 3649 r

306 3681 402 3744 artas,
421 3676 483 3732 949.
563 3704 596 3712 -
616 3671 682 3730 stt.
702 3680 806 3731 niutau
826 3671 923 3745 irrupi,
941 3673 995 3730 cfr.
1016 3675 1077 3731 999.
1160 3703 1193 3712 —-
1211 3672 1273 3730 otc.
1293 3691 1313 3729 a
1327 3680 1354 3730 te
1373 3692 1429 3732 con

305 3746 376 3804 abit.
397 3775 428 3781 -
447 3746 505 3804 Det
524 3753 604 3804 resto
623 3747 676 3804 946
696 3764 712 3804 e
732 3748 783 3803 949
803 3764 867 3814 sgg.
898 3742 1004 3802 rlicono
1030 3762 1141 3802 ancora
1167 3744 1394 3803 distintamente
1418 3745 1428 3802 i
1524 3802 1525 3805 ,

304 3817 363 3875 due
383 3818 478 3876 effetti
498 3817 578 3875 della
597 3821 690 3875 raam
710 3821 838 3885 atrimae,
857 3817 867 3874 i
886 3816 944 3874 dne
964 3816 1109 3874 caratteri
1133 3815 1181 3875 del
1200 3835 1309 3875 sonno:
1330 3836 1425 3875 cessa·
1524 3824 1525 3831 ’

305 3891 391 3948 zione
405 3890 453 3947 del
466 3907 554 3948 senso
568 3890 604 3947 di
613 3890 627 3947 f
634 3890 762 3962 fuso,e
779 3889 973 3946 fiaceamcnto
988 3887 1065 3946 delle
1078 3889 1220 3947 membra.
1269 3918 1305 3926 —
1316 3887 1377 3943 949
1388 3908 1429 3958 sg.

306 3962 430 4019 cubanti
454 3962 534 4029 (mss.
554 3963 587 4018 L.
606 3963 639 4020 B.
659 3961 711 4029 M.)
729 3962 823 4020 riosee
844 3980 884 4018 un
904 3967 950 4029 po’
978 3967 1094 4029 strun03
1118 3959 1277 4032 opperiris
1297 3963 1383 4019 tacer
1402 3961 1430 4018 di

307 4034 470 4091 mutationi
489 4033 621 4103 antiche)
641 4033 662 4090 il
678 4034 803 4103 Brieger
821 4032 912 4101 (Plrii.
928 4035 972 4089 33.
988 4051 1016 4100 p.
1029 4035 1092 4099 444)
1107 4050 1280 4102 proponere
1297 4037 1428 4092 canutio
1523 4082 1524 4091 ,

306 4112 470 4174 navarriam
489 4124 544 4164 con
563 4106 618 4163 cho
637 4106 859 4164 naturalmente
879 4123 939 4162 non
958 4123 997 4161 va
1015 4104 1068 4173 pin
1087 4104 1162 4162 bene
1183 4110 1290 4173 tornea,
1316 4105 1429 4175 ch'egli
1523 4130 1524 4159 3

307 4182 431 4239 mutarn
444 4177 475 4240 in
489 4180 578 4243 etiarn
591 4196 608 4245 o
621 4184 750 4245 tremant
761 4177 877 4253 (receti
884 4220 916 4244 .,.
929 4183 1067 4250 tremant,
1080 4194 1097 4234 ο
1111 4182 1298 4245 carantam„
1309 4176 1425 4248 etiarn).
