3148 4696
485 259 883 349 tranantem-eos
1139 332 1142 337 ,
1206 268 1248 351 ot

135 413 351 510 desipientia
375 417 426 506 fit,
451 417 534 510 quia
557 418 611 492 vis
635 418 745 492 animi
768 423 873 509 atque
896 418 1029 492 animai

138 518 376 591 conturbatur
400 525 446 607 et,
471 525 510 591 ut
531 517 644 605 docui,
668 517 782 592 divisa
805 541 959 592 seorsum

140 616 349 690 disiectatur
372 615 491 689 eodem
516 614 577 689 illo
600 616 770 690 distracta
793 639 938 690 veneno.

82 744 124 801 too
143 714 221 787 inde
244 714 309 788 ubi
334 714 409 788 iam
432 714 545 787 morbi
567 714 702 787 reflexit
726 738 840 806 causa,
864 716 1022 807 reditque

144 815 179 888 in
201 813 359 888 latebras
384 837 466 887 acer
488 814 643 905 corrupti
665 814 819 905 corporis
843 839 953 906 umor,

146 922 217 987 tum
243 913 348 1005 quasi
372 912 563 986 vaccillans
585 912 737 1005 primurn
760 915 941 1004 consurgit
965 921 1000 987 et
1024 915 1136 988 omnis

148 1012 318 1104 paulatim
344 1010 436 1084 redit
458 1010 496 1083 in
519 1034 639 1085 sensus
662 1011 887 1103 animamque
911 1021 1026 1105 recept
1050 1021 1074 1088 t.

148 1110 233 1184 haec
255 1110 371 1201 igitur
394 1110 501 1182 tantis
524 1109 586 1182 ubi
609 1109 739 1184 morbis
763 1134 906 1203 corpore
928 1112 1060 1203 inipso

84 1234 129 1294 505
148 1211 325 1282 iactentur
350 1208 553 1300 miserisque
578 1209 688 1282 modis
712 1208 881 1283 distracta
903 1210 1077 1301 laborent,

150 1332 211 1381 cur
234 1307 356 1381 eadem
382 1305 493 1380 eredis
516 1307 589 1380 sine
614 1331 755 1398 corpore
777 1308 815 1381 iu
839 1317 918 1382 aere
942 1318 1062 1401 aperto

151 1431 231 1480 cum
253 1405 383 1480 validis
407 1406 521 1479 ventis
545 1413 693 1479 aetatem
718 1407 843 1497 degere
866 1410 988 1499 posse?

152 1513 185 1579 et
207 1504 377 1598 quoniam
400 1512 548 1578 merrtem
574 1505 702 1592 sanari,
727 1529 851 1596 corpus
875 1514 913 1580 ut
938 1531 1100 1599 aegrum,

134 1813 224 1889 (quo)
239 1821 312 1874 sunt
323 1815 442 1872 munito
455 1814 519 1871 viai
530 1811 545 1841 “
556 1810 657 1870 edove
670 1817 796 1871 troveno
809 1811 839 1871 lo
852 1811 955 1871 strada
968 1813 1047 1872 fatte
1057 1856 1080 1884 ,,.
1094 1812 1155 1874 cfr.
1170 1814 1260 1877 1659.

133 1888 192 1947 Por
210 1889 332 1946 inunita
351 1887 417 1944 viai
439 1884 492 1943 cfr.
510 1882 556 1941 IV
574 1885 627 1941 413
654 1891 751 1943 strato
776 1887 903 1955 olorum,
923 1903 939 1943 e
958 1885 973 1942 I
991 1887 1045 1944 600
1071 1887 1170 1945 arduo
1189 1893 1260 1960 vici,

134 1978 203 2019 ocra
216 1962 290 2018 oioi.
361 1986 389 1996 -
407 1955 472 2013 407.
487 1956 659 2014 L'asiudeto
677 1959 804 2025 (mentre
820 1956 841 2013 il
856 1957 897 2014 2.⁰
911 1957 1036 2016 termine
1051 1956 1131 2016 della
1143 1959 1260 2029 spiege-

135 2033 228 2102 zioue‚
241 2032 304 2099 493,
317 2029 358 2087 ha
369 2046 462 2101 porro
476 2028 490 2057 “
503 2029 552 2098 poi
569 2026 594 2097 „l
606 2025 622 2086 ὲ
636 2028 697 2086 cosi
708 2028 847 2086 naturale
860 2028 915 2087 che
928 2047 988 2087 non
1002 2029 1040 2087 dt
1055 2029 1145 2089 alcun
1157 2032 1260 2091 diritto

135 2108 336 2173 ascspettare
353 2101 384 2159 in
400 2104 505 2170 questo
524 2101 563 2158 3.⁰
581 2101 707 2158 termine
727 2118 789 2158 uno
808 2101 955 2170 aggiunta
973 2102 1095 2161 seriore.
1168 2134 1199 2142 -
1217 2107 1263 2162 oia

137 2178 234 2234 animi
249 2180 337 2246 atque
358 2174 483 2244 animai,
496 2172 547 2242 qui
566 2172 636 2230 vuol
656 2173 720 2230 dire
739 2170 811 2241 pero
831 2190 890 2230 non
910 2176 990 2231 tutta
1012 2173 1143 2247 lanima,
1162 2194 1211 2233 ma
1231 2177 1261 2233 in

135 2247 318 2318 particolare
338 2243 496 2317 laniorum
513 2240 568 2303 che
587 2244 612 2301 si
631 2244 718 2314 parla
737 2243 767 2301 di
786 2244 972 2315 desipientia.
992 2245 1016 2303 ll
1036 2243 1082 2303 s't
1104 2245 1187 2305 detto
1207 2247 1262 2306 che

136 2317 275 2388 questui
293 2316 363 2386 quel
382 2316 438 2375 che
456 2332 571 2386 premor
590 2315 741 2384 l'esempio
761 2316 941 2384 precedente
960 2335 1090 2387 prepara
1109 2320 1262 2388 questoll

136 2391 197 2450 cosi
210 2391 237 2448 si
249 2390 355 2460 spiega
371 2388 401 2446 la
413 2388 536 2457 regione
550 2386 580 2445 di
596 2388 692 2446 eodem
707 2388 760 2445 illo
773 2406 889 2455 veneno,
899 2388 1005 2447 invece
1018 2387 1048 2446 di
1063 2407 1106 2447 un
1121 2391 1263 2461 complice

137 2481 167 2521 eo
179 2480 308 2521 veneno:
340 2461 389 2519 uel
406 2458 565 2518 modesimo
585 2459 691 2518 seleno
712 2459 767 2518 che
779 2460 897 2518 iotacca
911 2479 927 2520 e
939 2459 970 2518 la
983 2459 1067 2520 ‹loler
1078 2462 1106 2520 le
1119 2462 1264 2534 membre,

136 2535 257 2594 intacca
271 2552 288 2592 e
301 2480 416 2591 diluuia
428 2531 523 2590 anche
543 2531 693 2589 l'cnimuo.
714 2561 746 2571 -
766 2530 886 2600 Quanto
902 2551 921 2590 a
936 2538 969 2590 ut
984 2533 1080 2603 docui,
1091 2535 1116 2591 si
1129 2535 1265 2593 riserisce

137 2625 155 2666 e
172 2626 198 2665 r.
211 2608 267 2664 490
281 2625 298 2663 e
311 2605 429 2663 lacuna.
503 2633 534 2643 —
554 2602 615 2660 408.
635 2621 775 2671 seorsum,
795 2623 855 2663 una
871 2611 958 2675 parte
974 2603 1135 2664 dall’altra.
1148 2606 1229 2665 Nota
1243 2608 1265 2664 il

138 2684 260 2746 cumulo
274 2685 305 2749 (s
317 2682 520 2752 l’assonanza)
534 2683 640 2754 diviso,
659 2701 798 2751 seorsum,
816 2685 1001 2751 disiectatur,
1014 2685 1170 2744 distracto.
1183 2668 1208 2743 ll
1222 2694 1267 2744 ta-

138 2760 244 2829 girata,
259 2756 414 2824 dilaniata,
430 2754 508 2813 fatte
520 2773 539 2812 a
552 2756 642 2824 pezzi.
715 2786 750 2795 —
763 2755 824 2811 500
837 2775 899 2827 sgg.
914 2756 974 2815 Ora
989 2755 1054 2815 dice
1071 2756 1266 2816 brevemente

141 2849 250 2889 come
280 2847 297 2886 e
324 2825 480 2897 perche
507 2827 595 2885 riene
621 2827 650 2884 la
673 2828 860 2897 guarigione.
935 2858 963 2868 -
991 2828 1117 2899 reflexit,
1140 2829 1267 2889 intrans.

140 2920 223 2961 come
243 2917 346 2970 spesso
364 2905 483 2958 vertere.
555 2927 590 2939 -
608 2899 741 2971 reditque
760 2904 816 2958 etc.
837 2900 852 2930 “
867 2900 934 2958 vale
953 2899 1051 2958 odire
1067 2900 1173 2960 l’umcr
1189 2902 1268 2960 vele·

140 2992 213 3033 noso
233 2974 351 3031 ritorna
371 2988 430 3029 ccc.
445 3009 459 3037 „
535 3000 563 3010 ·-
585 2970 650 3027 tor.
669 2971 696 3028 Il
715 2989 797 3040 segg.
814 2970 874 3030 ela
886 2990 1016 3042 persona
1035 2971 1267 3045 dell’epilettico‚

141 3063 260 3116 sempre
279 3049 429 3113 presente.
505 3070 532 3080 -
555 3045 651 3101 omnic
669 3060 724 3101 corr
743 3061 855 3101 sensus.
874 3044 1002 3101 Ritorua
1021 3043 1070 3101 nel
1089 3045 1179 3113 piene
1198 3063 1267 3114 pos-

141 3136 224 3177 sesso
245 3114 368 3175 de'suoi
387 3112 477 3172 sensi.
548 3142 583 3154 -·
598 3116 691 3172 anim.
716 3121 860 3186 receptat·
883 3115 1032 3185 raccoglie
1055 3134 1071 3173 e
1097 3116 1269 3186 ricomporre

140 3191 168 3248 le
189 3190 318 3249 disiecta
336 3186 467 3244 rnembro
486 3183 665 3256 dell'nnima,
690 3191 918 3256 segnatamente
943 3187 1043 3256 quelle
1069 3188 1196 3246 oh’eran
1219 3189 1269 3258 gia

141 3264 249 3321 limine
268 3263 302 3317 in
321 3260 386 3330 ipso
410 3254 594 3315 dell’uscita.
681 3287 708 3296 ·
735 3257 797 3316 sol.
822 3257 893 3316 laec
910 3258 986 3328 plur.
1007 3257 1087 3318 ciot:
1113 3264 1268 3318 ocimu-ec

141 3336 257 3392 animo.
317 3361 343 3369 -
360 3328 430 3398 [506
439 3346 482 3398 ες.
492 3327 606 3388 Heinze
617 3329 677 3386 cito
688 3336 957 3398 opportunamente
967 3331 1044 3388 Plat.
1055 3331 1166 3390 Placet.
1177 3350 1204 3401 p.
1216 3333 1270 3399 ΠΙ.

212 3404 270 3460 508
288 3420 344 3471 sgg
373 3403 414 3459 la
431 3418 533 3470 prora.
552 3400 696 3459 L’ultimo
716 3420 847 3461 accenno
865 3420 884 3460 a
899 3420 940 3460 un
956 3421 1024 3461 caso
1041 3403 1071 3461 di
1093 3403 1271 3473 guarigiorre

140 3475 318 3547 suggerisce
337 3471 515 3542 quest'altra
533 3490 640 3542 prove:
660 3472 714 3531 che
734 3473 855 3531 l'snima
874 3492 957 3533 come
976 3475 996 3531 il
1017 3493 1107 3545 corpo
1120 3474 1180 3545 pue
1200 3494 1272 3545 guo-

141 3551 204 3607 rire
224 3565 281 3617 per
302 3543 462 3615 medicina3
482 3561 542 3606 ora,
562 3544 593 3601 la
611 3543 760 3603 medicina
779 3563 870 3615 opera
889 3545 920 3602 in
940 3550 1054 3615 quanto
1074 3548 1105 3604 fa
1124 3547 1151 3605 sl
1172 3549 1227 3606 che
1247 3548 1271 3604 si

141 3618 302 3680 oliminino
322 3616 361 3675 da
379 3634 421 3674 un
440 3616 596 3673 concilium
614 3617 727 3675 maleto
747 3618 822 3675 certi
841 3617 991 3686 elementi,
1007 3620 1107 3688 atomi,
1126 3637 1185 3677 non
1205 3638 1273 3679 con·

142 3690 282 3757 ciliabili‚
301 3707 357 3758 per
374 3687 404 3745 lo
423 3687 487 3771 loro
506 3686 609 3757 forme,
629 3687 660 3744 in
678 3688 781 3757 quelle
794 3688 997 3748 assooiazione
1016 3689 1046 3747 di
1065 3692 1138 3750 moti
1157 3692 1211 3749 cho
1227 3709 1274 3748 co·

143 3764 325 3822 stituiscono
345 3760 376 3817 la
396 3758 537 3817 funzione
556 3776 572 3817 e
592 3759 621 3817 la
639 3760 704 3818 vita
723 3759 754 3817 di
773 3761 843 3829 quel
862 3763 1029 3828 castellium,
1049 3779 1065 3819 e
1085 3780 1123 3820 re
1136 3781 1174 3820 ne
1188 3764 1274 3821 sesti·

143 3835 241 3895 tuisoe
261 3832 345 3902 degli
365 3829 476 3901 idonei,
494 3830 531 3889 od
550 3831 647 3890 anche
666 3831 729 3890 solo
754 3840 837 3890 muta
861 3832 891 3891 la
910 3833 1108 3902 disposicione
1133 3832 1163 3891 di
1182 3833 1274 3899 atomi

146 3915 202 3974 che
227 3921 361 3973 restano.
385 3892 412 3969 ll
437 3909 558 3980 duoque
586 3913 766 3982 mutacione,
795 3933 810 3970 e
836 3915 1006 3972 mutazioue
1031 3914 1221 3978 sostanziale‚
1246 3914 1275 3972 al

148 3989 213 4058 pari
232 3986 314 4045 della
330 3982 484 4051 metatum
502 3982 570 4040 vale
586 3999 604 4040 a
620 3981 683 4041 dire
696 3982 712 4041 ὸ
726 3984 858 4053 parziale
874 3985 1057 4043 distruziooe
1073 3984 1163 4045 dicio
1176 3986 1277 4043 eh'era

149 4060 244 4128 prima
264 4053 439 4127 aparciate
459 4054 644 4113 costruzione
660 4073 770 4125 nuova,
796 4075 813 4114 e
833 4054 878 4114 cio
898 4054 1018 4114 esolude
1044 4056 1276 4128 l’immortalitt3

149 4130 170 4188 il
191 4131 352 4190 concilium
380 4125 542 4184 rinnovato
570 4144 630 4184 nou
657 4125 674 4184 ὸ
720 4127 752 4185 iu
781 4128 802 4185 il
825 4130 985 4187 concilium
1014 4127 1043 4185 di
1068 4129 1173 4197 prima,
1200 4127 1277 4187 tun

152 4202 234 4264 altro,
307 4230 345 4242 -
364 4196 431 4255 508.
452 4202 477 4255 et
495 4200 643 4269 precatam,
663 4146 719 4256 nel
731 4218 854 4269 pessare
878 4200 917 4258 ad
940 4200 1027 4269 altro,
1048 4218 1180 4258 sesenna
1199 4219 1217 4256 a
1236 4218 1277 4257 uo

207 4311 364 4366 Lucumo.
383 4301 425 4355 De
440 4317 531 4355 rerum
547 4309 656 4356 lectica.
1199 4305 1215 4358 5
