3176 4698
361 252 428 330 200
674 247 739 327 Du]
761 245 936 329 RERUM
959 246 1168 330 NATURA

384 399 488 487 signa
511 402 681 487 notaeque
704 397 825 486 gravis
848 397 1002 471 halantis
1025 398 1176 489 sulpuris
1200 424 1322 473 auras:

384 497 478 585 ignis
501 497 594 568 enim
618 505 698 569 sunt
722 497 814 569 haeo'
831 521 900 569 non
925 498 1022 571 nenti
1046 497 1284 589 signansque
1308 499 1450 571 imbris.

385 604 567 686 praeterea
590 621 692 687 saepe
716 597 910 669 accendunt
934 621 1071 688 quoqne
1095 604 1194 670 teota'
1212 598 1404 672 domorum

384 702 419 768 et
443 695 546 768 celeri
570 696 712 767 flamma
736 695 960 768 dominantur
983 697 1019 767 in
1043 696 1187 769 aedibus
1210 696 1307 786 ipsis.

307 825 359 882 225
384 794 477 866 hune
500 794 567 866 tibi
591 795 754 866 subtilem
780 819 857 866 eum
882 795 1006 885 primis
1029 794 1171 884 ignibus
1194 796 1313 885 ignem

383 894 565 966 constituit
589 901 717 966 natura
740 894 885 966 minutis
908 893 1162 984 mobilibusque

383 991 596 1081 corporibus,
620 992 676 1062 eui
700 991 749 1062 nil
774 991 914 1064 omnino
938 991 1104 1064 obsistere
1128 992 1247 1082 possit.

382 1090 510 1162 transit
533 1090 626 1161 enim
650 1089 806 1161 validum
830 1089 960 1161 fulmen
985 1113 1047 1180 per
1070 1097 1189 1180 saepta
1213 1090 1410 1177 domorum,

383 1188 513 1260 elamor
537 1195 576 1259 ut
601 1212 641 1260 ao
665 1211 775 1276 voees,
800 1188 928 1261 transit
951 1213 1130 1278 persana,
1156 1213 1216 1280 per
1237 1213 1332 1276 aera,

306 1308 360 1369 230
383 1294 417 1358 et
442 1286 613 1377 liquidum
637 1294 767 1376 puncto
791 1287 877 1362 labit
900 1311 958 1358 aes
982 1287 1199 1377 intempore
1223 1294 1257 1359 et
1281 1311 1422 1361 aurum.

364 1470 575 1484 auu—nnuman-

345 1586 471 1651 'eorrea
487 1592 536 1649 del
555 1593 644 1650 Bern.
660 1594 689 1660 (e
712 1592 794 1661 Brg.)
819 1596 880 1649 ictu
900 1594 972 1650 eius.
1000 1593 1026 1649 Il
1046 1592 1167 1650 Laohm.
1193 1595 1254 1649 ictu
1283 1593 1347 1650 loca
1367 1589 1491 1661 (quinrli

361 1663 572 1733 distinguendo
593 1665 656 1722 loca
681 1668 743 1721 ictu
762 1669 866 1722 inusta
885 1683 901 1723 o
920 1668 1009 1733 sipna
1027 1668 1148 1736 vaporis
1167 1683 1183 1721 e
1203 1671 1290 1723 uotae
1306 1665 1394 1731 ete.);
1416 1663 1492 1721 Pur·

359 1755 466 1795 mann:
495 1740 556 1794 ictu
580 1755 711 1808 procusa
740 1741 871 1807 eupolim
898 1755 945 1793 ma
973 1754 1004 1794 se
1036 1736 1090 1793 o’b
1118 1754 1177 1792 nna
1210 1737 1315 1804 par-ola
1339 1737 1444 1793 sieure
1471 1735 1490 1792 ὸ

361 1811 478 1865 inusta!
503 1808 571 1866 Non
598 1808 646 1866 e’b
671 1809 775 1866 embra
800 1808 829 1865 di
856 1808 999 1866 difficoltit
1026 1809 1056 1871 in
1079 1812 1157 1865 ictus
1183 1814 1209 1864 et
1234 1811 1339 1865 inusta
1364 1811 1491 1878 vaporis

360 1885 464 1951 sipum‘
483 1879 499 1937 b
520 1881 605 1949 quasi
625 1899 686 1938 una
706 1880 839 1938 endiadi:
861 1879 909 1935 “il
929 1880 1055 1937 fulmine
1075 1880 1218 1937 dimostra
1243 1879 1273 1937 la
1298 1897 1353 1936 sua
1373 1887 1488 1936 natura

360 1954 406 2010 eoi
425 1953 491 2009 suoi
511 1953 588 2021 eolpi
608 1971 623 2008 e
643 1954 689 2010 ooi
709 1954 794 2021 segni
820 1951 849 2007 di
873 1953 1010 2009 bruoiato
1034 1951 1090 2009 ohe
1114 1952 1245 2017 lasela„
1319 1981 1354 1990 -
1381 1955 1489 2008 inusta

360 2028 479 2094 uaporis
498 2028 587 2093 sinuo
607 2022 620 2048 ¹⁴
635 2025 645 2080 i
663 2028 749 2092 segni
768 2023 846 2081 oaldi
865 2042 881 2080 e
900 2024 1029 2080 fumanti
1051 2026 1198 2094 (vaporis)
1225 2024 1402 2092 improntati
1431 2041 1488 2081 oon

360 2097 536 2153 bruciatura
552 2136 576 2162 „.
596 2096 688 2154 Lotue
708 2095 778 2154 vuol
803 2095 915 2152 eoloris
932 2112 986 2164 per
1006 2099 1144 2167 ruperim
1167 2113 1215 2152 ma
1236 2097 1267 2152 in
1285 2095 1375 2152 Luer.
1392 2112 1488 2165 vapor

360 2167 496 2236 significa
521 2167 616 2224 anche
643 2169 734 2238 color,
759 2185 775 2225 e
801 2185 861 2224 non
888 2167 1054 2224 eseluderei
1077 2169 1128 2235 qui
1154 2167 1250 2224 anche
1273 2165 1369 2224 l’idea
1389 2166 1487 2224 d‘une

359 2240 528 2297 esulazione
542 2257 698 2307 saporosa.
772 2269 806 2277 -—
821 2238 886 2292 221.
900 2245 1093 2310 uetusque...
1114 2257 1225 2309 aui·us;
1243 2238 1274 2295 la
1292 2238 1485 2296 eostruzione

359 2329 418 2368 non
436 2310 452 2368 ὸ
469 2311 663 2368 chiarissimo.
683 2311 712 2368 Si
733 2310 749 2369 b
766 2311 875 2368 tentati
891 2310 919 2366 di
934 2311 1003 2367 unir
1021 2317 1108 2369 uotae
1121 2328 1175 2369 eon
1189 2311 1332 2382 sulpuris,
1348 2327 1365 2368 e
1380 2310 1486 2378 quindi

362 2383 374 2407 “
393 2384 478 2452 segni
497 2383 526 2439 di
546 2384 622 2440 sollo
647 2386 781 2452 spirante
802 2383 949 2450 (halantis
968 2386 1049 2451 gen.)
1069 2401 1163 2451 grave
1181 2400 1307 2451 puzzo„
1329 2401 1346 2439 o
1366 2383 1484 2450 “segni

359 2454 389 2511 ui
408 2455 483 2512 sollo
504 2455 629 2523 spiranti
648 2456 809 2522 (balantes)
829 2472 922 2523 grave
941 2472 1035 2522 puzzo
1049 2471 1080 2521 „;
1102 2473 1150 2511 ma
1168 2454 1277 2522 meglio
1297 2455 1343 2511 eol
1358 2453 1485 2511 Munr0:

358 2533 444 2584 uotae
458 2527 714 2599 beleutespruoes
732 2544 827 2583 auras
845 2527 982 2597 sulpuris
1004 2525 1047 2583 “e
1066 2527 1095 2583 le
1114 2526 1262 2596 impronto
1282 2525 1420 2594 (lusoiato
1434 2525 1484 2582 dal

357 2598 495 2666 fulmine)
523 2598 650 2667 spiranti
676 2617 769 2666 grave
795 2616 887 2666 puzzo
914 2598 944 2655 di
967 2599 1043 2656 sollo
1060 2637 1084 2665 „.
1159 2626 1191 2636 -
1217 2597 1279 2652 2211.
1306 2603 1381 2655 tectu
1408 2598 1484 2655 dom.

358 2687 411 2727 son
431 2671 482 2737 qui
510 2671 733 2738 propriamente
762 2670 772 2725 i
797 2670 875 2739 tutti,
899 2688 916 2726 a
941 2670 989 2726 eui
1015 2670 1039 2727 si
1064 2676 1268 2739 eontrappone
1286 2673 1328 2725 *iu
1358 2669 1485 2726 aedibus

357 2744 441 2811 ipsis.
514 2772 546 2780 ι-
566 2739 630 2795 224.
651 2743 864 2811 dominantum
889 2760 915 2798 v.
939 2747 1011 2799 nota
1036 2759 1055 2798 a
1079 2744 1123 2811 89,
1149 2760 1165 2798 e
1192 2742 1400 2799 doiniuaatior
1418 2742 1482 2797 238.

357 2812 509 2869 Potrebbe
538 2830 636 2870 essere
665 2813 719 2871 ohe
747 2816 799 2870 311
828 2832 871 2882 sg.
900 2812 1018 2870 vadeno
1047 2813 1099 2882 qui
1126 2812 1224 2870 visino
1257 2812 1339 2879 (redi
1362 2813 1485 2870 Exsur-

357 2895 427 2959 sus).
488 2923 523 2931 —
537 2892 600 2947 225.
617 2912 680 2951 euru
692 2898 804 2964 pristis
819 2893 940 2963 ipuibus
956 2916 987 2940 =
1005 2896 1198 2964 cumprimis.
1214 2876 1240 2950 l]
1257 2893 1410 2962 singolare
1426 2893 1484 2950 ohe

357 2965 408 3033 qui
427 2964 471 3021 sia
491 2983 626 3034 espresso
639 2966 659 3021 il
672 2984 768 3036 nome,
782 2966 836 3023 alre
856 2984 911 3024 oon
927 2968 1081 3036 inprimis
1095 2984 1110 3022 e
1125 2984 1190 3023 euru
1203 2968 1314 3036 primis
1329 2963 1345 3022 ὸ
1360 2982 1481 3034 sempre

356 3037 522 3094 sottinteso.
543 3037 620 3094 Perb
639 3042 720 3094 resta
737 3056 847 3095 ancora
866 3038 1023 3095 settinteso
1042 3036 1217 3105 subtilibus;
1238 3035 1363 3105 giaeehb
1383 3035 1401 3094 ὸ
1421 3036 1484 3094 evi·

357 3108 446 3166 dente
466 3110 521 3166 ohe
541 3110 624 3167 bomo
640 3128 704 3166 erim
715 3113 824 3180 primis
835 3109 1026 3180 facinorosus
1040 3127 1099 3166 non
1112 3109 1181 3166 vale
1195 3109 1279 3166 bomo
1294 3126 1359 3165 crim
1369 3110 1484 3179 primis

357 3180 526 3238 bominibus
545 3181 745 3252 facinorosus,
760 3200 807 3238 ma
819 3186 831 3238 :’
844 3182 928 3238 bomo
948 3199 1013 3238 eum
1026 3184 1134 3251 prioris
1156 3180 1340 3251 facinorosis
1353 3180 1483 3238 leomini-

358 3252 411 3310 bus
422 3252 622 3322 facinorosus.
678 3283 713 3291 -
722 3253 778 3307 228
792 3272 854 3321 sgg.
867 3254 919 3310 eir.
932 3255 984 3309 341
992 3272 1055 3322 sgg.
1069 3254 1098 3320 (e
1109 3253 1286 3320 Exoursus).
1341 3281 1377 3290 -
1393 3258 1483 3309 tran·

356 3328 396 3381 sit
416 3331 470 3382 ete.
490 3325 542 3382 efr.
563 3326 650 3382 1354
670 3344 711 3392 sg.
738 3343 754 3381 e
774 3328 826 3382 489
845 3344 887 3393 sg.
904 3325 1025 3382 Laehm.
1046 3342 1062 3381 e
1081 3325 1172 3382 Bern.
1191 3324 1284 3381 fanno
1304 3322 1335 3380 di
1353 3325 1407 3380 228
1427 3325 1483 3380 229

355 3415 396 3452 un
416 3414 502 3453 verso
522 3397 593 3464 solo,
614 3397 794 3453 eliminando
811 3414 866 3467 per
885 3403 966 3467 septu
983 3398 1138 3454 douroruui
1159 3396 1281 3454 Clamor
1295 3401 1328 3452 ut
1348 3414 1383 3452 ac
1398 3413 1481 3452 uoces

356 3472 476 3525 transit.
493 3468 541 3524 Ma
557 3486 575 3524 a
591 3470 715 3536 ragione
732 3468 893 3525 dilendono
909 3469 938 3524 la
952 3468 1118 3525 tradizione
1134 3468 1259 3536 Brieger
1273 3487 1289 3524 e
1303 3467 1480 3537 neumam

355 3558 372 3596 a
398 3541 493 3596 anohe
517 3539 624 3596 Munro
650 3558 794 3596 conserva
814 3541 841 3597 le
860 3539 964 3608 parole
984 3540 1183 3610 incriminato,
1201 3538 1275 3609 perb
1295 3537 1442 3608 esitando,
1462 3557 1480 3595 e

354 3629 414 3668 non
430 3610 593 3668 vedendooi
615 3614 628 3640 “
642 3610 676 3668 iit
694 3612 847 3681 exemplos
866 3613 900 3669 oi
916 3613 967 3669 tho
984 3616 1119 3669 extreme
1135 3612 1216 3669 foros
1232 3611 1267 3669 of
1280 3610 1433 3679 lightning
1448 3630 1480 3681 „;

354 3702 401 3739 rna
424 3701 483 3739 non
508 3684 532 3738 si
555 3686 650 3739 tratta
672 3683 701 3739 di
715 3684 806 3753 foma,
835 3683 921 3741 bensi
940 3683 969 3739 di
995 3684 1181 3751 sottigliezza
1201 3682 1281 3751 degli
1301 3682 1403 3751 atomi,
1424 3682 1479 3739 ohe

352 3773 462 3823 passari
481 3754 582 3822 persib
602 3755 640 3810 da
660 3773 713 3822 per
735 3761 823 3825 tutto,
844 3775 859 3813 e
876 3757 988 3812 elaruor
1008 3762 1034 3812 et
1052 3773 1133 3815 voees
1152 3773 1210 3813 son
1225 3758 1307 3812 eerto
1328 3754 1479 3812 aeeonois-

353 3827 418 3882 simi
435 3826 546 3894 esempi
560 3826 589 3881 di
604 3834 732 3883 estrema
746 3828 932 3896 sottigliezza
948 3828 1084 3884 atomiea.
1099 3828 1126 3884 N
1129 3828 1155 3884 el
1171 3828 1267 3896 primo
1282 3827 1359 3885 libro
1376 3826 1478 3883 hanno

353 3899 475 3964 servito,
491 3897 614 3954 insieme
630 3898 675 3954 eol
691 3898 817 3956 fulmine
833 3908 927 3957 stesso
941 3900 1051 3967 11489),
1068 3916 1086 3955 a
1100 3899 1277 3956 dimostrare
1293 3899 1323 3955 la
1340 3905 1477 3967 penetra·

353 3969 440 4026 bilitb
457 3969 503 4025 dei
521 3969 610 4036 eorpi,
630 3988 646 4025 e
663 3970 693 4026 in
707 3976 813 4038 questo
828 3971 892 4027 loro
909 3972 1034 4028 servizio
1052 3988 1104 4027 era
1119 3989 1195 4040 pure
1207 3969 1354 4039 implicita
1369 3970 1400 4026 lu
1416 3974 1479 4027 ato·

352 4041 430 4097 miea
443 4041 642 4107 sottigliezza:
655 4041 686 4098 la
699 4043 789 4110 quale
800 4045 850 4112 qui
862 4042 878 4099 ὸ
889 4043 1112 4099 naturalmente
1128 4042 1287 4100 sottintesa
1301 4059 1355 4110 per
1368 4042 1478 4099 clarnor

354 4117 380 4168 et
398 4129 486 4179 voees,
503 4111 539 4169 ed
552 4119 790 4180 espressamente
810 4115 969 4172 affermata
985 4114 1033 4182 pel
1049 4114 1176 4171 fulmine
1193 4131 1245 4182 per
1258 4112 1314 4183 oib,
1327 4113 1382 4170 ehe
1396 4112 1476 4182 epe·

353 4190 492 4240 netrante
508 4201 588 4240 come
602 4184 714 4242 clarum·
728 4192 754 4242 et
767 4205 854 4244 voees.
911 4216 942 4223 -
955 4185 1018 4239 2311.
1032 4186 1111 4242 Nota
1125 4185 1155 4242 la
1171 4185 1253 4242 tmesi
1264 4192 1389 4255 paruulo.
1404 4224 1427 4237 ..
1445 4188 1475 4240 iu
