3148 4696
475 257 623 334 LIBER
646 260 703 333 III
725 256 873 333 713739
1186 261 1227 332 91

62 419 107 477 uo
127 398 214 489 qued
236 400 267 472 si
291 400 386 473 forte
411 400 543 475 animas
567 402 782 475 extrinsecus
806 397 980 473 insinuari

125 497 300 571 vermibus
326 506 363 572 et
388 499 505 590 privas
528 501 566 573 in
589 524 735 592 corpora
758 522 856 591 posse
879 498 998 572 venire

126 597 242 686 credis,
266 622 333 671 nec
358 604 499 689 reputas
523 622 586 672 eur
608 599 706 671 milia
730 597 841 670 multa
865 597 1063 669 animarum

124 697 331 769 conveniant
355 697 448 770 unde
471 722 542 770 una
565 697 756 786 recesserit,
780 696 846 769 hoc
869 702 986 767 tamen
1010 702 1062 768 est
1086 704 1124 769 ut

124 795 360 885 quaerendum
384 796 545 869 videatur
569 805 603 870 et
627 797 663 869 in
688 796 875 869 discrimen
898 795 1084 886 agendum,

63 922 105 979 125
123 900 236 966 utrum
259 895 410 967 tandem
435 896 571 968 animae
595 902 767 969 venentur
790 895 925 968 semina
948 918 1104 987 quaeque

123 993 395 1067 vermiculorum
418 994 582 1086 ipsaeque
607 994 675 1068 sibi
697 993 914 1066 fabricentur
937 993 999 1077 ubi
1022 993 1102 1079 sint,

121 1116 162 1164 an
184 1093 287 1184 quasi
312 1093 518 1184 corporibus
544 1093 706 1185 perfectis
729 1092 963 1165 insinuentur.

122 1198 155 1261 at
175 1215 289 1282 neque
315 1215 380 1264 cur
404 1191 537 1264 faciant
561 1192 656 1282 ipsae
680 1214 830 1282 quareve
854 1189 1014 1264 laborent

122 1287 229 1362 dicere
245 1289 465 1381 suppeditat.
484 1314 598 1381 neque
618 1290 720 1377 enim,
740 1289 814 1362 sine
834 1313 975 1380 corpore
995 1312 1074 1362 cum
1092 1298 1184 1380 sunt,

63 1413 103 1470 130
122 1387 287 1461 sollicitae
312 1388 465 1461 volitant
488 1389 620 1462 morbis
645 1389 797 1479 alguque
821 1388 998 1478 fameque:

122 1509 240 1578 corpus
264 1487 362 1559 enim
387 1487 501 1578 magis
524 1485 579 1561 his
603 1486 701 1561 vitiis
724 1486 838 1559 adfine
862 1486 1009 1573 laborat,

121 1592 151 1656 et
173 1585 266 1659 mala
290 1586 408 1659 multa
431 1586 567 1658 animus
592 1594 738 1676 contage
762 1584 923 1673 fungitur
945 1585 1029 1657 eius.

122 1684 176 1756 sed
197 1692 322 1757 tamen
344 1683 401 1756 his
424 1692 496 1757 esto
520 1684 681 1776 quamvis
704 1684 818 1756 facere
842 1683 926 1756 utile
951 1707 1074 1773 eorpus

123 1783 173 1854 eui
195 1785 366 1857 subeant:
392 1791 429 1854 at
452 1807 522 1875 qua
545 1782 677 1874 possint
702 1784 760 1854 via
782 1780 880 1854 nulla
903 1782 1050 1854 videtur.

63 1905 104 1960 rae
123 1880 202 1954 haut
226 1883 342 1972 igitur
366 1881 501 1953 faciunt
525 1882 661 1954 animae
685 1880 752 1953 sibi
776 1904 921 1970 corpora
945 1887 978 1951 et
1003 1886 1111 1952 artus.

122 2002 179 2052 nec
200 1987 324 2053 tamen
349 1987 402 2053 est
425 1981 526 2070 utqui
551 1980 717 2070 perfectis
741 1978 961 2051 insinuentur

123 2079 340 2169 corporibus:
366 2079 592 2169 nequeenim
617 2084 780 2169 poterunt
804 2077 980 2167 suptiliter
1003 2101 1078 2149 esse

124 2201 283 2267 conexae,
307 2200 419 2269 neque
444 2201 629 2250 consensus
653 2176 816 2265 contagia
839 2176 932 2248 fient.

163 2276 328 2368 Denique
353 2301 416 2349 cur
439 2277 529 2350 acris
552 2277 719 2349 violentia
742 2276 841 2349 triste
865 2275 1002 2349 leonum

113 2475 325 2487 *a

105 2598 329 2669 onomatopeica
348 2597 409 2655 alla
425 2598 570 2657 rovescia.
593 2598 699 2656 Anche
722 2617 790 2657 exos
810 2597 826 2657 b
845 2598 951 2668 parole
969 2600 1151 2670 maroziam,
1164 2600 1229 2658 imi·

104 2674 164 2728 tata
182 2670 221 2729 da
242 2670 390 2729 Arnobio.
464 2700 496 2708 -
514 2669 696 2741 perfluctuat
713 2665 753 2726 dn
765 2714 769 2724 .
781 2673 838 2742 λεγ.
858 2671 995 2730 Arnobie
1014 2673 1116 2731 imita:
1136 2672 1229 2743 serue-

104 2761 176 2801 scere
195 2743 348 2802 vermibus
367 2748 394 2799 et
412 2740 566 2812 slrrctuere.
640 2772 672 2781 -
700 2743 758 2800 727.
783 2762 835 2800 nec
857 2750 979 2815 reputes
1006 2742 1138 2802 “Anche
1166 2763 1226 2801 non

104 2816 228 2874 tenendo
250 2818 339 2872 cento
359 2813 439 2871 della
462 2819 628 2878 straneas,
653 2832 736 2873 come
760 2816 820 2872 mai
842 2833 927 2881 ecc„
1000 2844 1036 2856 -
1060 2815 1119 2873 724.
1135 2819 1167 2874 in
1185 2816 1229 2874 di·

105 2891 226 2946 acrimen
244 2886 392 2957 sporadum
409 2883 471 2944 “da
483 2891 610 2944 mettere
624 2904 642 2943 a
655 2887 821 2952 contremo,
834 2905 889 2955 per
899 2886 1039 2945 decidere
1051 2909 1081 2959 „3
1094 2887 1229 2956 l’espres·

105 2958 209 3019 rienes
224 2956 509 3028 appropriatissima
522 2957 703 3016 trattandosi
716 2957 747 3016 di
763 2977 803 3015 un
819 2957 967 3016 dilemma.
1039 2989 1075 2999 -
1089 2958 1150 3017 725.
1163 2963 1230 3017 oni·

105 3047 163 3088 onae
181 3036 330 3089 venentur
348 3032 482 3101 aeonium
502 3034 583 3087 tutto
603 3029 625 3087 il
643 3030 795 3089 brancha
814 3048 875 3088 una
894 3031 1018 3100 leggera
1037 3031 1229 3089 intonaaione

105 3104 285 3161 umoristioa.
361 3130 392 3141 -
414 3105 528 3159 semina
547 3119 677 3173 quaeque
695 3103 922 3161 vermiculorum
948 3107 959 3127 ⁴
977 3103 987 3160 i
1005 3103 1157 3161 materiali
1175 3121 1229 3172 per

105 3171 131 3228 la
149 3173 288 3233 fabbrica
317 3172 365 3232 dei
384 3173 488 3242 vermi,
508 3174 629 3232 acconci
654 3174 782 3234 secondo
801 3175 829 3233 le
849 3173 968 3232 diverse
986 3176 1087 3244 specie
1102 3219 1115 3245 „
1140 3175 1195 3232 cfr.
1213 3176 1229 3231 I

105 3246 160 3304 578,
235 3278 273 3288 -
285 3246 345 3301 776.
357 3245 412 3302 ubi
423 3248 485 3302 sint
497 3268 533 3290 =
543 3244 596 3302 ubi
606 3249 710 3303 insint.
784 3277 817 3287 —
836 3247 895 3303 731.
912 3246 960 3304 laic
979 3250 1063 3304 vitiis
1077 3252 1124 3305 sta
1144 3251 1228 3306 tanto

107 3334 157 3374 con
174 3318 277 3388 adflare
296 3335 379 3376 come
399 3334 454 3375 con
474 3316 601 3374 luberet.
675 3347 707 3356 -
728 3317 786 3372 732.
807 3324 928 3387 coatepe
947 3335 1002 3376 con
1019 3338 1086 3376 mss.
1102 3318 1228 3387 Brieger

108 3389 251 3448 ellunro.
268 3371 291 3447 l}
305 3387 430 3456 dubbio;
446 3406 462 3446 e
477 3389 556 3445 forse
569 3388 678 3457 meglio
690 3393 812 3460 concepi
823 3408 878 3447 con
892 3389 1002 3453 beeh
1018 3409 1066 3448 ma
1080 3394 1113 3448 in
1129 3391 1230 3448 dubiis

108 3459 224 3519 abatiae.
246 3461 341 3518 Lach-
357 3461 448 3518 Bern.
465 3460 639 3531 contupibu'.
716 3491 743 3499 -—
767 3460 831 3517 734.
851 3464 901 3519 cai
917 3461 1043 3520 subeunt
1058 3481 1117 3520 con·
1129 3463 1228 3529 Berm,

107 3530 186 3590 Polle
205 3552 221 3591 e
242 3532 379 3602 Briegen
404 3531 509 3590 inrece
529 3532 561 3589 di
579 3550 645 3589 mss.
664 3551 729 3590 cum
747 3534 879 3597 subeunt,
904 3552 962 3591 non
989 3534 1048 3591 ben
1075 3533 1171 3592 difeso
1190 3533 1229 3593 ‹la

108 3601 192 3661 Lech.
208 3623 224 3663 e
245 3605 365 3662 Munro.
437 3633 472 3644 κ-
493 3603 554 3659 736.
574 3607 663 3676 utqui
674 3604 727 3662 cfr.
740 3605 756 3661 I
769 3606 821 3663 755
834 3605 1071 3675 (dunque:uc),
1091 3625 1145 3675 per
1161 3625 1228 3664 mss.

109 3680 139 3730 ut
155 3680 281 3748 quicum,
300 3680 373 3734 nato
393 3674 431 3732 da
450 3674 505 3740 cib,
524 3693 606 3734 come
626 3677 730 3745 spiega
750 3676 939 3735 felicemente
958 3677 1075 3743 Munro‚
1094 3677 1149 3734 che
1168 3696 1229 3736 une

109 3744 145 3803 ha
163 3749 265 3806 scritto
285 3766 351 3806 cum
370 3765 459 3816 sopra
478 3751 566 3818 alorci
583 3747 638 3805 che
657 3766 716 3805 non
736 3748 851 3818 capive.
873 3749 965 3807 Lech.
985 3756 1018 3806 ut
1036 3753 1116 3820 iem‚·
1139 3749 1228 3808 Bern.

110 3821 232 3886 quidam.
308 3850 341 3858 ·-
364 3818 425 3873 738.
446 3837 605 3877 consensus
623 3820 655 3877 L.
672 3820 706 3876 B.
722 3818 761 3877 M.
777 3821 847 3890 Brg.
863 3839 918 3890 per
937 3839 1005 3881 mss.
1021 3839 1173 3879 consensu.

174 3899 305 3955 luo-aaa
322 3898 430 3956 “Data
445 3898 601 3956 l’eternitb
614 3897 794 3968 dell'anima,
808 3920 824 3958 e
841 3899 945 3969 quindi
959 3901 990 3959 le
1003 3900 1230 3972 metempsioosi

111 3964 257 4031 dorrebbe
276 3991 304 4041 p.
321 3989 361 4029 es.
379 3969 458 4028 nelle
478 3989 531 4028 suc
550 3972 791 4040 peregrinacioni
811 3972 970 4030 un'enima
994 3971 1024 4029 di
1042 3972 1131 4030 leone
1150 3975 1230 4042 capi·

111 4045 216 4101 larcin
235 4063 277 4101 un
297 4060 389 4102 cerro
415 4042 614 4108 summersa,
640 4061 656 4101 e
679 4062 831 4102 evremmo
856 4045 960 4114 quindi
984 4044 1087 4111 paridi
1110 4045 1189 4102 leoni
1213 4066 1229 4102 c

112 4115 184 4172 cervi
201 4116 306 4175 feroci.
325 4115 439 4173 Inrece
460 4115 469 4172 i
489 4115 634 4172 caratteri
653 4117 777 4184 psichici
802 4116 880 4175 delle
905 4117 1004 4186 specie
1030 4116 1055 4172 si
1075 4117 1230 4174 ereditano

113 4201 323 4247 coonserrano
343 4188 375 4246 in
396 4204 461 4245 esse
477 4186 505 4243 al
525 4188 591 4256 pari
611 4185 659 4245 dei
678 4189 821 4247 caratteri
840 4187 924 4246 fisici.
949 4189 1080 4256 Dunque
1101 4186 1228 4246 arriene
