3148 4696
506 296 654 371 LIBER
677 296 734 369 Ill
757 299 905 370 226239
1218 301 1261 370 29

140 435 260 509 mixta
285 462 436 528 vapore,
462 462 570 529 vapor
594 463 695 531 porro
719 438 829 511 trahit
852 447 933 511 aere
957 462 1083 512 secum.

145 558 211 608 neo
235 535 340 610 calor
364 544 418 609 est
442 537 639 629 quisquam,
663 536 720 609 oui
742 560 811 609 non
835 537 881 611 sit
904 537 1036 611 mixtus
1059 544 1094 610 et
1117 546 1195 610 aer:

79 664 128 721 235
149 658 233 707 rara
257 635 357 726 quod
382 635 458 708 sius
481 636 573 708 enim
597 642 733 709 constat
755 641 893 717 natura,
916 644 1086 709 necessest

154 733 244 808 a'e'ris
268 734 366 807 inter
390 759 468 807 eum
492 734 683 825 primordia
705 734 817 807 multa
839 734 980 807 moveri.

155 832 226 905 iam
250 832 389 924 triplex
411 832 522 905 animi
544 839 596 906 est
618 833 731 923 igitur
754 839 882 906 natura
905 841 1061 924 reperta:

157 955 219 1004 nec
242 940 365 1005 tamen
388 931 475 1004 haec
497 937 552 1005 set
575 939 655 1005 sunt
678 933 724 1004 od
747 942 885 1005 sensum
910 940 1035 1006 cuncte
1058 932 1263 1015 creandum3

157 1030 208 1104 nil
230 1031 360 1105 horum
384 1031 548 1123 quoniam
571 1030 695 1122 recipit
721 1056 815 1106 mens
838 1056 938 1123 posse
962 1056 1078 1105 oreore

137 1285 268 1326 nessuna
288 1266 319 1326 di
341 1270 447 1336 queste
466 1268 491 1325 si
504 1266 599 1337 presti
615 1286 634 1327 a
656 1267 900 1326 caratterizzarla
918 1267 1163 1326 edenominarla.
1177 1269 1261 1328 Deve

136 1339 258 1409 dunque
283 1339 451 1398 accettarla
475 1338 513 1397 da
532 1339 697 1399 Aristotele
718 1359 734 1398 e
752 1340 889 1397 Platone.
908 1339 959 1397 Ma
978 1340 1071 1409 quelli
1092 1339 1112 1397 l’
1124 1359 1261 1399 avevano

136 1412 296 1480 consopita
314 1429 398 1470 come
416 1411 615 1470 interamente
634 1412 721 1480 priva
740 1410 771 1469 di
785 1411 929 1470 caratteri
946 1411 1106 1482 materiali,
1125 1430 1141 1470 c
1157 1419 1262 1481 questo

135 1483 268 1553 Epicuro
288 1501 349 1542 non
368 1481 437 1553 pud.
455 1482 545 1542 Oome
568 1482 655 1542 fare?
673 1483 700 1541 Il
719 1500 773 1541 suo
798 1488 892 1542 stesso
916 1482 1038 1542 sistema
1065 1483 1193 1543 atomieo
1220 1485 1261 1553 gli

136 1555 246 1614 offriva
264 1583 302 1595 -
320 1573 339 1614 o
358 1571 452 1624 parve
470 1572 489 1613 a
508 1555 551 1613 lui
570 1555 626 1613 ohe
645 1555 686 1625 gli
705 1555 822 1614 offrisse
837 1585 872 1594 —
891 1553 1018 1627 l’useita,
1036 1556 1113 1614 colla
1132 1564 1261 1614 estrema

134 1627 307 1696 piccolezza
326 1626 407 1696 degli
427 1626 527 1685 atomi.
546 1626 659 1695 Qnssta
678 1626 846 1697 piceolezza
863 1645 961 1686 aveve
984 1646 1026 1685 un
1041 1627 1137 1685 limite
1156 1628 1207 1686 nel
1225 1628 1262 1685 si·

135 1703 243 1770 stema,
262 1717 312 1757 ma
330 1717 443 1756 nessun
467 1698 561 1757 limite
581 1698 691 1756 oraim
714 1702 779 1758 osto
798 1717 816 1756 a
835 1699 878 1756 lui
897 1699 947 1757 nel
966 1699 1145 1768 concepirne
1165 1717 1182 1758 o
1200 1718 1263 1757 am·

135 1775 288 1830 metterne
312 1769 344 1828 di
368 1770 583 1855 siffattamente
611 1718 725 1840 piceoll,
754 1769 793 1827 da
817 1771 930 1853 former
954 1771 1003 1829 dei
1031 1772 1186 1854 consilini
1214 1772 1263 1830 cui

135 1843 282 1902 caratteri
311 1861 327 1900 e
354 1840 570 1912 procedimentr
596 1845 760 1902 restassero
785 1842 864 1900 fuori
884 1841 953 1899 dell’
966 1860 1142 1912 espsrrenza
1170 1844 1262 1901 sensi·

135 1914 205 1983 bile,
232 1915 262 1972 la
292 1913 342 1972 cui
366 1912 504 1972 mobilita
539 1913 732 1983 moleoolare‚
760 1914 918 1981 insomma,
936 1933 1094 1984 superasse
1114 1917 1184 1983 ogni
1204 1933 1263 1973 mo·

135 1985 223 2044 silita
252 2005 271 2044 a
300 1985 351 2044 noi
379 1989 451 2044 nota
477 2002 531 2055 per
559 1986 734 2056 esperienza
753 1984 801 2043 del
829 1985 938 2045 mondo
956 1995 1123 2055 esterno‚e
1148 1985 1262 2055 rispen-

134 2057 221 2116 desse
241 2058 348 2115 invoco
367 2056 429 2115 alla
447 2056 584 2115 mobilita
611 2058 766 2127 superiore
791 2056 830 2115 ad
854 2057 925 2126 ogni
945 2058 1026 2116 altre
1046 2057 1095 2117 dei
1113 2058 1186 2116 moti
1205 2058 1261 2127 psi·

134 2130 221 2199 olrici,
241 2128 417 2188 attestataci
445 2128 586 2195 (secondo
614 2147 633 2186 a
659 2129 703 2188 lui
720 2131 845 2197 pareva)
872 2129 954 2188 dalla
981 2137 1076 2187 stesso
1099 2130 1261 2188 coscienza.

134 2201 185 2259 Gli
199 2201 300 2259 intimi
315 2201 390 2258 moti
402 2200 598 2270 (molecolari)
617 2200 647 2258 di
666 2205 774 2270 questa
793 2205 933 2260 sostanza
947 2231 979 2240 —
993 2220 1050 2270 pur
1060 2201 1259 2260 trasmissibili

134 2273 175 2331 ad
193 2274 273 2331 altre
289 2276 428 2331 sostsnze
447 2273 497 2330 via
515 2272 566 2331 via
581 2290 668 2330 meno
687 2272 782 2330 sottili
802 2302 833 2311 -
854 2273 1066 2332 costituiscono
1079 2273 1109 2331 la
1124 2273 1188 2331 vita
1200 2274 1261 2343 psi-

135 2344 231 2415 ohica‚
244 2344 266 2402 il
285 2361 391 2403 sensus
409 2343 440 2401 in
459 2346 539 2403 tutte
554 2344 583 2402 lc
602 2362 655 2402 sue
674 2344 778 2410 forme,
797 2342 847 2402 dal
866 2343 968 2403 dolore
982 2345 1011 2402 al
1023 2344 1260 2414 regionamento.

134 2416 161 2473 Il
180 2422 320 2475 concetto
340 2415 396 2473 che
415 2433 502 2473 senso
521 2416 689 2485 spensiero
709 2415 753 2473 sie
772 2419 862 2486 moto,
874 2435 926 2474 ere
945 2414 995 2473 del
1013 2425 1094 2474 resto
1113 2416 1261 2475 uomodo

135 2487 166 2545 di
184 2487 298 2546 vedere
316 2487 372 2546 che
391 2487 418 2546 si
432 2486 492 2556 put
511 2485 575 2545 dire
594 2487 782 2545 abbastanza
800 2489 951 2555 generate.
971 2489 1032 2546 Era
1050 2488 1112 2547 cosl
1130 2505 1184 2558 per
1203 2489 1262 2546 De·

136 2561 277 2630 mocrit03
297 2557 314 2616 e
333 2577 375 2616 un
395 2563 532 2618 concetto
551 2559 695 2628 implicito
712 2561 742 2616 in
758 2559 858 2627 quello
878 2558 909 2616 di
923 2559 1024 2617 anima
1036 2559 1261 2630 :armonia3e

135 2650 189 2700 per
208 2631 340 2689 Platone
354 2649 372 2689 e
388 2629 553 2689 Aristotele
581 2630 670 2688 basta
685 2630 837 2689 ricordare
856 2630 877 2687 il
897 2649 984 2701 passo
1004 2630 1063 2690 Cic.
1089 2632 1172 2689 Tusc.
1191 2632 1207 2689 I
1225 2634 1260 2690 22

136 2704 257 2761 riferito
272 2702 332 2760 vol.
346 2703 362 2760 I
374 2722 402 2772 p.
417 2704 476 2760 187.
491 2700 676 2760 L’esistenza
695 2702 726 2760 dl
745 2702 887 2760 cosiffatti
905 2703 997 2761 atomi
1016 2722 1032 2761 e
1051 2704 1132 2770 moti,
1145 2710 1261 2762 mentre

135 2775 291 2844 spiegava,
311 2774 381 2840 cosi,
400 2792 442 2832 un
461 2774 538 2832 fatto
557 2774 589 2830 in
608 2774 698 2843 piena
717 2774 895 2833 conformita
913 2793 969 2832 con
988 2780 1067 2833 tutto
1083 2775 1106 2832 il
1125 2780 1262 2835 eoneetto

136 2847 353 2916 sperimentale
372 2844 592 2916 dell’universo‚
612 2864 672 2904 non
691 2864 744 2904 cra
762 2844 973 2905 eontraddetto
987 2846 1025 2904 da
1039 2847 1148 2905 alcuna
1167 2866 1262 2906 osser·

136 2918 263 2977 vasione
290 2916 321 2975 di
343 2919 430 2977 fatto.
449 2917 579 2985 Dunque
598 2917 694 2976 anche
714 2918 766 2987 qui
783 2918 914 2986 Epicuro
933 2937 992 2977 non
1011 2919 1036 2975 si
1055 2924 1193 2977 scostava
1212 2919 1261 2976 dal

136 3008 190 3048 sno
209 3007 336 3048 canone.
409 3019 443 3028 -
462 2988 525 3046 224.
545 2988 606 3047 scr.
626 2990 670 3048 Vl
690 2991 759 3047 1032
780 2991 906 3061 denique
923 3008 973 3048 res
991 3009 1089 3049 omnes
1108 2990 1210 3049 debent
1229 2994 1262 3049 in

137 3079 259 3133 corporo
277 3061 384 3119 tabere
404 3065 484 3124 otro,
503 3062 740 3134 quandoquidem
758 3079 832 3120 raro
852 3068 923 3119 sunt
946 3080 1067 3134 corpore
1086 3069 1113 3120 et
1136 3068 1189 3120 ot’r
1206 3077 1262 3121 om·

137 3134 227 3192 nitus
247 3139 291 3191 cst
307 3133 396 3191 rebus
414 3133 616 3190 circumdatus
635 3133 852 3204 adpetitusque.
874 3163 903 3173 -·
925 3137 976 3192 cui
993 3153 1053 3193 oon
1078 3137 1118 3191 sit
1140 3137 1260 3192 rna'otus.

137 3205 255 3275 Inoni,
272 3204 395 3263 comesi
417 3222 459 3273 sa,
474 3204 677 3263 costruiscono
696 3204 854 3263 volentieri
873 3207 994 3264 miscere
1007 3224 1023 3264 s
1035 3206 1116 3263 affini
1130 3205 1175 3264 col
1192 3205 1261 3278 dat,

138 3277 198 3335 ella
212 3294 316 3347 greca,
327 3274 452 3334 anziche
465 3293 520 3334 con
530 3293 622 3334 cume
638 3276 697 3333 abl.
709 3305 743 3315 -
756 3276 818 3334 os.
831 3277 847 3334 Ι
859 3278 913 3334 200
925 3281 1006 3336 nota.
1079 3309 1110 3317 -
1124 3277 1189 3332 236.
1203 3297 1261 3337 mo·

138 3352 202 3408 ceri
223 3367 285 3406 non
307 3346 500 3407 eontraddicc
522 3347 551 3404 sl
574 3352 724 3406 carattere
750 3348 845 3406 calmo
869 3348 1010 3419 delt’acr;
1031 3346 1047 3407 ὸ
1067 3351 1161 3408 calmo
1177 3367 1260 3408 come

139 3440 252 3491 massa3
271 3438 320 3478 ma
345 3420 570 3478 interiormente
591 3420 620 3476 le
641 3437 694 3476 sus
714 3419 836 3479 minime
857 3420 1012 3489 particelle
1034 3439 1106 3480 sono
1130 3421 1261 3479 mobilis·

139 3494 221 3551 sime.
294 3521 330 3531 —
347 3492 410 3547 237.
430 3493 541 3555 cratin&
560 3490 569 3547 i
592 3489 642 3560 git
661 3491 731 3549 visti
750 3493 862 3562 esempi
882 3491 912 3549 di
930 3496 1050 3550 accimus
1066 3508 1120 3562 per
1135 3492 1261 3551 l’intera

140 3568 242 3623 animo
262 3581 325 3622 non
348 3563 481 3620 lanciano
504 3561 615 3620 dubbio
634 3562 689 3622 che
708 3567 814 3632 questo
834 3581 921 3623 senso
939 3564 1032 3621 abbis
1050 3565 1145 3623 snche
1165 3564 1225 3633 qui,
1244 3585 1260 3623 e

138 3655 194 3695 non
215 3636 242 3696 ci
264 3634 381 3694 lascian
400 3632 523 3692 credere
542 3634 605 3699 che,
625 3653 678 3703 per
698 3638 875 3701 avventura,
893 3634 1003 3705 perche
1028 3635 1045 3693 ὸ
1072 3637 1103 3694 in
1125 3636 1261 3706 procinto

140 3708 168 3766 dl
183 3708 307 3780 parlare
326 3706 408 3765 della
426 3713 535 3772 quarta
553 3724 685 3772 essonae,
703 3706 847 3776 ristringa
868 3706 889 3763 il
909 3707 1040 3766 discorso
1059 3708 1087 3765 al
1108 3707 1171 3765 solo
1195 3712 1261 3766 oni·

139 3800 208 3840 rnos.
225 3781 254 3839 Il
273 3777 427 3838 Susamihl
443 3777 530 3847 (Phil.
549 3777 595 3845 22)
613 3777 760 3846 pertendo
779 3778 829 3836 dal
848 3781 984 3837 conoetto
1003 3779 1058 3836 che
1077 3779 1210 3849 l’animo,
1229 3779 1261 3836 in

139 3871 220 3912 senso
231 3851 382 3912 ristretto
396 3868 454 3906 non
468 3850 512 3906 sie
525 3854 676 3917 composta
688 3849 743 3908 che
754 3849 831 3908 delle
842 3856 887 3908 trs
902 3851 996 3920 prime
1009 3856 1155 3918 sostenes,
1165 3850 1260 3909 finora

137 3926 297 3992 nominate,
315 3920 391 3981 vuol
419 3919 540 3989 leggere
568 3921 619 3989 qni
644 3924 771 3991 animae,
793 3941 808 3980 e
831 3922 1008 3980 similments
1032 3924 1094 3980 309.
1118 3920 1179 3980 334.
1199 3924 1261 3980 372.

135 3996 270 4069 “perche
284 3991 436 4054 Lucretio
455 3991 597 4060 'opreciso
616 3993 665 4050 nel
690 4011 744 4051 suo
768 3993 978 4063 linguaggio„:
1003 4011 1034 4051 se
1053 3994 1132 4052 fosse
1147 4012 1219 4052 vero
1240 3995 1259 4051 il

129 4074 333 4144 presupposto
350 4063 407 4123 che
420 4062 452 4120 la
464 4067 571 4132 quarto
582 4082 704 4122 essenzs
715 4064 729 4121 ὸ
741 4065 790 4124 del
801 4067 864 4124 solo
880 4069 1008 4134 animus,
1019 4065 1050 4122 in
1061 4069 1140 4123 tutte
1154 4069 1261 4134 questa

128 4145 314 4205 trattazione
327 4153 486 4196 avremmo
498 4153 558 4193 uno
568 4139 670 4194 strano
683 4138 813 4207 esempio
824 4138 854 4194 di
863 4137 1078 4206 imprecisione.
1092 4136 1150 4204 Qui
1164 4138 1259 4195 anche

125 4219 144 4279 il
155 4219 289 4289 Brieger
310 4211 447 4270 atrimae.
520 4237 550 4246 -
571 4207 627 4264 rso
640 4226 683 4278 ες.
704 4210 770 4268 “Di
789 4227 919 4269 nessune
937 4208 1015 4267 delle
1028 4207 1108 4278 quali
1123 4213 1259 4268 sostanzo
