3102 4692
433 833 473 908 T.
498 833 713 908 Luonnrr
746 834 864 908 CARI

209 1082 314 1180 DE
368 1078 672 1179 RERUM
722 1077 1082 1183 NATURA

475 1325 598 1385 LIBER
617 1324 814 1396 QUARTUS.

564 1542 723 1555 *utu—u-

155 1904 244 1977 Avia
268 1903 449 1977 Pieridum
473 1925 621 1993 peragro
645 1900 719 1976 loca
742 1902 871 1978 nullius
895 1909 976 1978 anto

117 2001 191 2076 trita
213 2002 295 2077 solo.
320 2002 420 2075 iuvat
444 2000 599 2091 integros
623 2001 784 2075 accedero
806 2001 913 2076 fontia

117 2108 211 2192 atquc
234 2099 387 2189 haurire,
410 2099 576 2191 iuvatque
600 2123 706 2173 noros
730 2099 911 2193 decerpere
934 2101 1035 2177 flores

21 2198 22 2219 ³
118 2198 349 2290 insignemque
373 2222 449 2272 meo
471 2197 578 2288 capiti
605 2203 719 2288 pctore
741 2197 822 2272 inde
846 2223 1018 2290 coronarn,

21 2312 23 2381 ἓ
87 2298 198 2373 cundo
221 2298 316 2391 prius
340 2295 428 2370 nulli
451 2295 602 2371 velarint
625 2302 782 2388 tompore
805 2322 939 2373 musae:

120 2395 258 2486 primunr
281 2394 374 2489 quod
396 2394 535 2485 magnis
558 2394 663 2469 doceo
686 2395 728 2468 dc
751 2396 853 2470 rebus
876 2403 910 2471 et
933 2399 1019 2474 artis

118 2493 314 2586 religionum
338 2492 493 2567 animum
517 2492 618 2567 nodia
641 2492 817 2567 exsolvere
841 2519 958 2586 perge,

119 2592 229 2667 deinde
252 2591 345 2685 quod
368 2593 515 2666 obscura
538 2590 581 2664 do
605 2614 643 2665 rc
666 2597 739 2664 tarn
763 2591 880 2667 lueida
905 2618 1019 2686 pango

120 2693 272 2782 carmina,
296 2715 439 2765 musaeo
462 2690 667 2782 contingens
690 2698 816 2765 ennete
839 2692 962 2784 lepore.

78 2794 102 2851 10
120 2788 151 2862 id
172 2815 301 2884 quoquc
325 2791 419 2864 enim
441 2813 511 2863 non
535 2790 578 2863 ab
602 2788 698 2863 nulla
721 2789 857 2864 ratione
881 2791 1033 2866 ridetur:

120 2912 190 2963 nam
213 2890 320 2964 veluti
345 2888 460 2981 pauoris
484 2887 662 2962 absinthia
686 2894 799 2963 taetra
822 2890 999 2965 medentes

120 3010 189 3062 cum
211 2991 291 3063 dare
316 2994 497 3076 conantur,
522 2988 618 3079 prius
642 3011 730 3077 oras,
757 2987 880 3081 pocula
904 2990 1046 3079 circum,

122 3088 316 3181 contingunt
340 3087 452 3162 mollis
475 3086 569 3160 dulci
591 3086 751 3179 flavoque
774 3087 917 3180 liquore,

121 3193 154 3259 ut
175 3212 353 3278 puerorum
377 3193 473 3261 aetas
496 3186 681 3277 inprovida
704 3185 902 3261 ludificetur

78 3278 102 3335 15
121 3281 283 3359 labrorum
307 3291 417 3373 tenus,
440 3284 574 3358 interca
597 3290 751 3376 perpotet
774 3308 933 3358 amarum
1028 3337 1033 3345 -

121 3381 261 3457 absinthi
284 3383 433 3472 laticem,
458 3383 667 3474 deceptaque
691 3407 761 3456 non
785 3383 954 3475 capiatur,
1048 3410 1052 3443 τ

21 3479 22 3565 I
122 3480 173 3552 sed
192 3482 301 3573 potius
324 3482 389 3556 tali
413 3486 512 3574 pacto
535 3487 689 3554 recreata
714 3481 877 3571 valescat,

122 3577 165 3651 sio
185 3604 244 3671 ego
266 3604 368 3671 nuno,
393 3579 555 3672 quoniam
579 3578 665 3652 haec
688 3579 778 3653 ratio
802 3579 1003 3675 plerumque
1027 3582 1165 3658 videtur

122 3676 243 3753 tristior
264 3705 336 3755 essa
360 3679 485 3771 quibus
508 3702 578 3751 non
601 3685 652 3751 est
676 3683 838 3767 tractata,
863 3687 1024 3772 retroque

76 3764 232 3868 20volgus
254 3779 417 3853 abhorret
440 3777 484 3851 ab
508 3776 583 3866 hac,
609 3775 703 3850 volui
727 3776 791 3850 tibi
815 3778 1075 3871 suaviloquenti

109 3959 301 3977 Ἢ

167 4070 224 4163 122}
236 4075 297 4162 =1·
309 4074 437 4173 926·95t),
457 4074 570 4159 eccetto
584 4091 654 4158 nara
671 4075 711 4143 (r.
727 4074 771 4142 11)
785 4092 839 4144 per
859 4073 919 4145 sect,
933 4075 1067 4147 percupio
1082 4073 1139 4145 (24)
1154 4094 1209 4145 per

101 4144 1207 4299 ttarntptattttrist,triturarenturirrotat:
