<?xml version="1.0" encoding="UTF-8"?>
<!DOCTYPE html PUBLIC "-//W3C//DTD XHTML 1.0 Transitional//EN"
    "http://www.w3.org/TR/xhtml1/DTD/xhtml1-transitional.dtd">
<html xmlns="http://www.w3.org/1999/xhtml" xml:lang="en" lang="en">
 <head>
  <title>
</title>
<meta http-equiv="Content-Type" content="text/html;charset=utf-8" />
  <meta name='ocr-system' content='tesseract 3.04.00' />
  <meta name='ocr-capabilities' content='ocr_page ocr_carea ocr_par ocr_line ocrx_word'/>
</head>
<body>
  <div class='ocr_page' id='page_1' title='image "./tlucreticarider00giusgoog_0515.png"; bbox 0 0 3176 4698; ppageno 0'>
   <div class='ocr_carea' id='block_1_1' title="bbox 478 188 1344 338">
    <p class='ocr_par' dir='ltr' id='par_1_1' title="bbox 478 188 1344 338">
     <span class='ocr_line' id='line_1_1' title="bbox 478 188 1344 338; baseline 0.003 -25"><span class='ocrx_word' id='word_1_1' title='bbox 478 235 625 313; x_wconf 70' lang='lat' dir='ltr'>meme</span> <span class='ocrx_word' id='word_1_2' title='bbox 648 234 702 313; x_wconf 79' lang='lat' dir='ltr'>rr</span> <span class='ocrx_word' id='word_1_3' title='bbox 726 236 873 312; x_wconf 70' lang='lat' dir='ltr'>eor-ear</span> <span class='ocrx_word' id='word_1_4' title='bbox 1031 188 1032 193; x_wconf 8' lang='grc' dir='ltr'><strong><em>Ν</em></strong></span> <span class='ocrx_word' id='word_1_5' title='bbox 1140 238 1236 338; x_wconf 80' lang='lat'>¹209</span> <span class='ocrx_word' id='word_1_6' title='bbox 1338 274 1344 283; x_wconf 87' lang='lat'><em>·</em></span> 
     </span>
    </p>
   </div>
   <div class='ocr_carea' id='block_1_2' title="bbox 42 382 1139 1467">
    <p class='ocr_par' dir='ltr' id='par_1_2' title="bbox 42 382 1139 1467">
     <span class='ocr_line' id='line_1_2' title="bbox 135 382 1035 479; baseline -0.004 -19"><span class='ocrx_word' id='word_1_7' title='bbox 135 385 148 479; x_wconf 77' lang='lat' dir='ltr'>ll</span> <span class='ocrx_word' id='word_1_8' title='bbox 175 393 212 460; x_wconf 90' lang='lat' dir='ltr'>at</span> <span class='ocrx_word' id='word_1_9' title='bbox 237 383 339 459; x_wconf 89' lang='lat' dir='ltr'>celeri</span> <span class='ocrx_word' id='word_1_10' title='bbox 364 386 473 458; x_wconf 86' lang='lat' dir='ltr'>forme</span> <span class='ocrx_word' id='word_1_11' title='bbox 498 393 704 476; x_wconf 90' lang='lat' dir='ltr'>percurrunt</span> <span class='ocrx_word' id='word_1_12' title='bbox 728 385 876 457; x_wconf 84' lang='lat' dir='ltr'><strong>fulmina</strong></span> <span class='ocrx_word' id='word_1_13' title='bbox 900 384 999 475; x_wconf 84' lang='lat' dir='ltr'>lapsu</span> <span class='ocrx_word' id='word_1_14' title='bbox 1024 382 1035 475; x_wconf 81' lang='lat' dir='ltr'>ll</span> 
     </span>
     <span class='ocr_line' id='line_1_3' title="bbox 42 480 1063 576; baseline -0.002 -16"><span class='ocrx_word' id='word_1_15' title='bbox 42 519 108 576; x_wconf 75' lang='lat'>325</span> <span class='ocrx_word' id='word_1_16' title='bbox 136 488 292 560; x_wconf 84' lang='lat' dir='ltr'>nubibus</span> <span class='ocrx_word' id='word_1_17' title='bbox 316 486 392 576; x_wconf 83' lang='lat' dir='ltr'>ipse</span> <span class='ocrx_word' id='word_1_18' title='bbox 416 486 508 576; x_wconf 86' lang='lat' dir='ltr'>quod</span> <span class='ocrx_word' id='word_1_19' title='bbox 532 485 674 558; x_wconf 90' lang='lat' dir='ltr'>omnino</span> <span class='ocrx_word' id='word_1_20' title='bbox 699 484 795 576; x_wconf 82' lang='lat' dir='ltr'>prius</span> <span class='ocrx_word' id='word_1_21' title='bbox 818 483 928 556; x_wconf 91' lang='lat' dir='ltr'>incita</span> <span class='ocrx_word' id='word_1_22' title='bbox 952 480 991 557; x_wconf 57' lang='lat' dir='ltr'>oe&#39;</span> <span class='ocrx_word' id='word_1_23' title='bbox 1010 485 1063 558; x_wconf 82' lang='lat' dir='ltr'>vie</span> 
     </span>
     <span class='ocr_line' id='line_1_4' title="bbox 137 583 987 679; baseline -0.006 -20"><span class='ocrx_word' id='word_1_24' title='bbox 137 585 275 676; x_wconf 78' lang='lat' dir='ltr'>colligit</span> <span class='ocrx_word' id='word_1_25' title='bbox 299 593 332 657; x_wconf 91' lang='lat' dir='ltr'>et</span> <span class='ocrx_word' id='word_1_26' title='bbox 357 589 524 679; x_wconf 88' lang='lat' dir='ltr'>magnum</span> <span class='ocrx_word' id='word_1_27' title='bbox 551 609 718 657; x_wconf 78' lang='lat' dir='ltr'>conamen</span> <span class='ocrx_word' id='word_1_28' title='bbox 742 583 849 656; x_wconf 85' lang='lat' dir='ltr'>sumit</span> <span class='ocrx_word' id='word_1_29' title='bbox 873 583 987 671; x_wconf 88' lang='lat' dir='ltr'>eundi,</span> 
     </span>
     <span class='ocr_line' id='line_1_5' title="bbox 135 682 1139 775; baseline -0.003 -17"><span class='ocrx_word' id='word_1_30' title='bbox 135 686 221 758; x_wconf 88' lang='lat' dir='ltr'>inde</span> <span class='ocrx_word' id='word_1_31' title='bbox 245 685 306 757; x_wconf 89' lang='lat' dir='ltr'>ubi</span> <span class='ocrx_word' id='word_1_32' title='bbox 330 709 399 757; x_wconf 91' lang='lat' dir='ltr'>non</span> <span class='ocrx_word' id='word_1_33' title='bbox 423 685 537 775; x_wconf 88' lang='lat' dir='ltr'>potuit</span> <span class='ocrx_word' id='word_1_34' title='bbox 560 684 669 756; x_wconf 87' lang='lat' dir='ltr'>nubes</span> <span class='ocrx_word' id='word_1_35' title='bbox 693 707 814 774; x_wconf 77' lang='lat' dir='ltr'>capere</span> <span class='ocrx_word' id='word_1_36' title='bbox 838 682 965 772; x_wconf 84' lang='lat' dir='ltr'>inpetis</span> <span class='ocrx_word' id='word_1_37' title='bbox 989 689 1139 771; x_wconf 89' lang='lat' dir='ltr'>auctum,</span> 
     </span>
     <span class='ocr_line' id='line_1_6' title="bbox 137 781 1052 875; baseline -0.004 -19"><span class='ocrx_word' id='word_1_38' title='bbox 137 784 349 875; x_wconf 79' lang='lat' dir='ltr'>exprimitur</span> <span class='ocrx_word' id='word_1_39' title='bbox 372 783 427 855; x_wconf 84' lang='lat' dir='ltr'>vis</span> <span class='ocrx_word' id='word_1_40' title='bbox 451 789 556 873; x_wconf 89' lang='lat' dir='ltr'>atque</span> <span class='ocrx_word' id='word_1_41' title='bbox 582 782 660 855; x_wconf 88' lang='lat' dir='ltr'>ideo</span> <span class='ocrx_word' id='word_1_42' title='bbox 683 782 779 855; x_wconf 87' lang='lat' dir='ltr'>volat</span> <span class='ocrx_word' id='word_1_43' title='bbox 802 781 929 871; x_wconf 87' lang='lat' dir='ltr'>impete</span> <span class='ocrx_word' id='word_1_44' title='bbox 953 781 1052 869; x_wconf 79' lang='lat' dir='ltr'>miro,</span> 
     </span>
     <span class='ocr_line' id='line_1_7' title="bbox 137 880 1100 973; baseline -0.005 -17"><span class='ocrx_word' id='word_1_45' title='bbox 137 898 178 956; x_wconf 87' lang='lat' dir='ltr'>ut</span> <span class='ocrx_word' id='word_1_46' title='bbox 202 882 328 957; x_wconf 80' lang='lat' dir='ltr'>ualidis</span> <span class='ocrx_word' id='word_1_47' title='bbox 352 906 440 973; x_wconf 90' lang='lat' dir='ltr'>quae</span> <span class='ocrx_word' id='word_1_48' title='bbox 465 882 505 954; x_wconf 89' lang='lat' dir='ltr'>de</span> <span class='ocrx_word' id='word_1_49' title='bbox 530 882 712 954; x_wconf 83' lang='lat' dir='ltr'>tormentis</span> <span class='ocrx_word' id='word_1_50' title='bbox 736 880 843 954; x_wconf 83' lang='lat' dir='ltr'>missa</span> <span class='ocrx_word' id='word_1_51' title='bbox 866 881 1037 952; x_wconf 85' lang='lat' dir='ltr'>feruntur.</span> <span class='ocrx_word' id='word_1_52' title='bbox 1098 936 1100 941; x_wconf 67' lang='lat'>,</span> 
     </span>
     <span class='ocr_line' id='line_1_8' title="bbox 48 979 1033 1073; baseline -0.007 -16"><span class='ocrx_word' id='word_1_53' title='bbox 48 1012 112 1069; x_wconf 86' lang='lat'>330</span> <span class='ocrx_word' id='word_1_54' title='bbox 139 984 229 1057; x_wconf 88' lang='lat' dir='ltr'>addo</span> <span class='ocrx_word' id='word_1_55' title='bbox 254 982 345 1073; x_wconf 89' lang='lat' dir='ltr'>quod</span> <span class='ocrx_word' id='word_1_56' title='bbox 368 1007 386 1052; x_wconf 92' lang='lat' dir='ltr'>e</span> <span class='ocrx_word' id='word_1_57' title='bbox 409 981 527 1072; x_wconf 76' lang='lat' dir='ltr'>parvis</span> <span class='ocrx_word' id='word_1_58' title='bbox 551 989 584 1053; x_wconf 88' lang='lat' dir='ltr'>et</span> <span class='ocrx_word' id='word_1_59' title='bbox 608 979 745 1055; x_wconf 82' lang='lat' dir='ltr'>leuibus</span> <span class='ocrx_word' id='word_1_60' title='bbox 769 988 820 1054; x_wconf 83' lang='lat' dir='ltr'>est</span> <span class='ocrx_word' id='word_1_61' title='bbox 844 979 1033 1067; x_wconf 79' lang='lat' dir='ltr'>elementis,</span> 
     </span>
     <span class='ocr_line' id='line_1_9' title="bbox 142 1079 1044 1170; baseline -0.006 -15"><span class='ocrx_word' id='word_1_62' title='bbox 142 1107 208 1155; x_wconf 90' lang='lat' dir='ltr'>nec</span> <span class='ocrx_word' id='word_1_63' title='bbox 231 1081 366 1153; x_wconf 80' lang='lat' dir='ltr'>facilest</span> <span class='ocrx_word' id='word_1_64' title='bbox 389 1080 453 1152; x_wconf 90' lang='lat' dir='ltr'>tali</span> <span class='ocrx_word' id='word_1_65' title='bbox 476 1088 623 1152; x_wconf 88' lang='lat' dir='ltr'>naturae</span> <span class='ocrx_word' id='word_1_66' title='bbox 647 1080 814 1170; x_wconf 82' lang='lat' dir='ltr'>opsistere</span> <span class='ocrx_word' id='word_1_67' title='bbox 838 1079 1044 1169; x_wconf 87' lang='lat' dir='ltr'>quicquam:</span> 
     </span>
     <span class='ocr_line' id='line_1_10' title="bbox 139 1178 1078 1269; baseline -0.006 -15"><span class='ocrx_word' id='word_1_68' title='bbox 139 1184 233 1254; x_wconf 89' lang='lat' dir='ltr'>inter</span> <span class='ocrx_word' id='word_1_69' title='bbox 257 1180 349 1252; x_wconf 92' lang='lat' dir='ltr'>enim</span> <span class='ocrx_word' id='word_1_70' title='bbox 373 1178 467 1269; x_wconf 88' lang='lat' dir='ltr'>fugit</span> <span class='ocrx_word' id='word_1_71' title='bbox 490 1203 531 1250; x_wconf 90' lang='lat' dir='ltr'>ae</span> <span class='ocrx_word' id='word_1_72' title='bbox 555 1186 713 1268; x_wconf 85' lang='lat' dir='ltr'>penetrat</span> <span class='ocrx_word' id='word_1_73' title='bbox 737 1202 796 1269; x_wconf 87' lang='lat' dir='ltr'>per</span> <span class='ocrx_word' id='word_1_74' title='bbox 820 1202 902 1250; x_wconf 86' lang='lat' dir='ltr'>rara</span> <span class='ocrx_word' id='word_1_75' title='bbox 925 1178 1078 1262; x_wconf 84' lang='lat' dir='ltr'>viarum3</span> 
     </span>
     <span class='ocr_line' id='line_1_11' title="bbox 139 1276 993 1367; baseline -0.007 -14"><span class='ocrx_word' id='word_1_76' title='bbox 139 1305 210 1353; x_wconf 91' lang='lat' dir='ltr'>non</span> <span class='ocrx_word' id='word_1_77' title='bbox 233 1278 345 1367; x_wconf 90' lang='lat' dir='ltr'>igitur</span> <span class='ocrx_word' id='word_1_78' title='bbox 369 1277 488 1348; x_wconf 83' lang='lat' dir='ltr'>multis</span> <span class='ocrx_word' id='word_1_79' title='bbox 514 1278 701 1350; x_wconf 79' lang='lat' dir='ltr'>offensibus</span> <span class='ocrx_word' id='word_1_80' title='bbox 725 1277 762 1348; x_wconf 90' lang='lat' dir='ltr'>in</span> <span class='ocrx_word' id='word_1_81' title='bbox 786 1276 993 1349; x_wconf 86' lang='lat' dir='ltr'>remorando</span> 
     </span>
     <span class='ocr_line' id='line_1_12' title="bbox 139 1374 1137 1467; baseline -0.006 -16"><span class='ocrx_word' id='word_1_82' title='bbox 139 1379 303 1465; x_wconf 80' lang='lat' dir='ltr'>haesitat,</span> <span class='ocrx_word' id='word_1_83' title='bbox 328 1377 419 1450; x_wconf 91' lang='lat' dir='ltr'>hanc</span> <span class='ocrx_word' id='word_1_84' title='bbox 443 1377 486 1449; x_wconf 92' lang='lat' dir='ltr'>ob</span> <span class='ocrx_word' id='word_1_85' title='bbox 511 1402 583 1448; x_wconf 89' lang='lat' dir='ltr'>rem</span> <span class='ocrx_word' id='word_1_86' title='bbox 609 1376 712 1449; x_wconf 90' lang='lat' dir='ltr'>celeri</span> <span class='ocrx_word' id='word_1_87' title='bbox 735 1377 831 1451; x_wconf 91' lang='lat' dir='ltr'>volat</span> <span class='ocrx_word' id='word_1_88' title='bbox 855 1377 983 1467; x_wconf 92' lang='lat' dir='ltr'>impete</span> <span class='ocrx_word' id='word_1_89' title='bbox 1006 1374 1137 1450; x_wconf 79' lang='lat' dir='ltr'>labens.</span> 
     </span>
    </p>
   </div>
   <div class='ocr_carea' id='block_1_3' title="bbox 131 1572 345 1587">
    <p class='ocr_par' dir='ltr' id='par_1_3' title="bbox 131 1572 345 1587">
     <span class='ocr_line' id='line_1_13' title="bbox 131 1572 345 1587; baseline -0.005 -2"><span class='ocrx_word' id='word_1_90' title='bbox 131 1572 345 1587; x_wconf 49' lang='lat' dir='ltr'>mma-.—</span> 
     </span>
    </p>
   </div>
   <div class='ocr_carea' id='block_1_4' title="bbox 9 1705 1278 4146">
    <p class='ocr_par' dir='ltr' id='par_1_4' title="bbox 10 1705 1243 3934">
     <span class='ocr_line' id='line_1_14' title="bbox 117 1705 1242 1778; baseline 0 -12"><span class='ocrx_word' id='word_1_91' title='bbox 117 1707 246 1778; x_wconf 72' lang='lat' dir='ltr'>gentoni,</span> <span class='ocrx_word' id='word_1_92' title='bbox 265 1724 338 1765; x_wconf 80' lang='lat' dir='ltr'>sono</span> <span class='ocrx_word' id='word_1_93' title='bbox 358 1705 499 1764; x_wconf 83' lang='lat' dir='ltr'>tentativi</span> <span class='ocrx_word' id='word_1_94' title='bbox 519 1705 549 1763; x_wconf 80' lang='lat' dir='ltr'>‹li</span> <span class='ocrx_word' id='word_1_95' title='bbox 574 1705 767 1775; x_wconf 69' lang='lat' dir='ltr'>spiegaziont</span> <span class='ocrx_word' id='word_1_96' title='bbox 787 1725 803 1763; x_wconf 94' lang='lat' dir='ltr'>e</span> <span class='ocrx_word' id='word_1_97' title='bbox 830 1706 931 1764; x_wconf 88' lang='lat' dir='ltr'>alcuni</span> <span class='ocrx_word' id='word_1_98' title='bbox 950 1723 1011 1765; x_wconf 92' lang='lat' dir='ltr'>non</span> <span class='ocrx_word' id='word_1_99' title='bbox 1030 1706 1170 1778; x_wconf 84' lang='lat' dir='ltr'>chiari,o</span> <span class='ocrx_word' id='word_1_100' title='bbox 1194 1718 1242 1766; x_wconf 65' lang='lat' dir='ltr'>su*</span> 
     </span>
     <span class='ocr_line' id='line_1_15' title="bbox 116 1777 1242 1850; baseline 0 -12"><span class='ocrx_word' id='word_1_101' title='bbox 116 1779 274 1850; x_wconf 83' lang='lat' dir='ltr'>perficieli,</span> <span class='ocrx_word' id='word_1_102' title='bbox 304 1777 415 1848; x_wconf 77' lang='lat' dir='ltr'>perche</span> <span class='ocrx_word' id='word_1_103' title='bbox 444 1797 504 1836; x_wconf 90' lang='lat' dir='ltr'>non</span> <span class='ocrx_word' id='word_1_104' title='bbox 534 1779 593 1836; x_wconf 90' lang='lat' dir='ltr'>ben</span> <span class='ocrx_word' id='word_1_105' title='bbox 623 1778 717 1837; x_wconf 87' lang='lat' dir='ltr'>chiari</span> <span class='ocrx_word' id='word_1_106' title='bbox 744 1778 824 1836; x_wconf 87' lang='lat' dir='ltr'>nella</span> <span class='ocrx_word' id='word_1_107' title='bbox 856 1783 956 1837; x_wconf 90' lang='lat' dir='ltr'>mente</span> <span class='ocrx_word' id='word_1_108' title='bbox 985 1782 1080 1837; x_wconf 75' lang='lat' dir='ltr'>stesso</span> <span class='ocrx_word' id='word_1_109' title='bbox 1108 1780 1242 1838; x_wconf 82' lang='lat' dir='ltr'>dell&#39;au-</span> 
     </span>
     <span class='ocr_line' id='line_1_16' title="bbox 117 1849 1242 1920; baseline 0 -10"><span class='ocrx_word' id='word_1_110' title='bbox 117 1861 193 1911; x_wconf 88' lang='lat' dir='ltr'>toro.</span> <span class='ocrx_word' id='word_1_111' title='bbox 230 1877 266 1891; x_wconf 79' lang='lat'>-·</span> <span class='ocrx_word' id='word_1_112' title='bbox 275 1851 338 1908; x_wconf 79' lang='grc'>324.</span> <span class='ocrx_word' id='word_1_113' title='bbox 350 1850 480 1920; x_wconf 81' lang='lat' dir='ltr'>Sceluso‚</span> <span class='ocrx_word' id='word_1_114' title='bbox 494 1850 540 1908; x_wconf 90' lang='lat' dir='ltr'>col</span> <span class='ocrx_word' id='word_1_115' title='bbox 550 1851 684 1920; x_wconf 75' lang='lat' dir='ltr'>Brieger,</span> <span class='ocrx_word' id='word_1_116' title='bbox 695 1849 806 1920; x_wconf 75' lang='lat' dir='ltr'>perone</span> <span class='ocrx_word' id='word_1_117' title='bbox 818 1849 1057 1909; x_wconf 83' lang='lat' dir='ltr'>evidentemente</span> <span class='ocrx_word' id='word_1_118' title='bbox 1068 1850 1084 1909; x_wconf 77' lang='grc' dir='ltr'>ὲ</span> <span class='ocrx_word' id='word_1_119' title='bbox 1095 1869 1156 1909; x_wconf 91' lang='lat' dir='ltr'>una</span> <span class='ocrx_word' id='word_1_120' title='bbox 1169 1871 1242 1910; x_wconf 85' lang='lat' dir='ltr'>sem·</span> 
     </span>
     <span class='ocr_line' id='line_1_17' title="bbox 117 1921 1243 1993; baseline -0.003 -11"><span class='ocrx_word' id='word_1_121' title='bbox 117 1925 195 1993; x_wconf 84' lang='lat' dir='ltr'>plico</span> <span class='ocrx_word' id='word_1_122' title='bbox 210 1925 349 1981; x_wconf 77' lang='lat' dir='ltr'>uariante</span> <span class='ocrx_word' id='word_1_123' title='bbox 362 1922 391 1979; x_wconf 87' lang='lat' dir='ltr'>di</span> <span class='ocrx_word' id='word_1_124' title='bbox 405 1924 466 1980; x_wconf 86' lang='grc'>323.</span> <span class='ocrx_word' id='word_1_125' title='bbox 478 1922 528 1980; x_wconf 79' lang='lat' dir='ltr'>oli</span> <span class='ocrx_word' id='word_1_126' title='bbox 541 1922 611 1979; x_wconf 87' lang='lat' dir='ltr'>altri</span> <span class='ocrx_word' id='word_1_127' title='bbox 625 1924 754 1991; x_wconf 77' lang='lat' dir='ltr'>leggono</span> <span class='ocrx_word' id='word_1_128' title='bbox 768 1928 794 1980; x_wconf 81' lang='lat' dir='ltr'>et</span> <span class='ocrx_word' id='word_1_129' title='bbox 807 1922 912 1981; x_wconf 81' lang='lat' dir='ltr'>inveoe</span> <span class='ocrx_word' id='word_1_130' title='bbox 927 1921 957 1980; x_wconf 83' lang='lat' dir='ltr'>di</span> <span class='ocrx_word' id='word_1_131' title='bbox 969 1942 1037 1981; x_wconf 83' lang='lat' dir='ltr'>mss.</span> <span class='ocrx_word' id='word_1_132' title='bbox 1052 1930 1091 1982; x_wconf 84' lang='lat' dir='ltr'>ot.</span> <span class='ocrx_word' id='word_1_133' title='bbox 1129 1952 1164 1964; x_wconf 82' lang='lat'>-</span> <span class='ocrx_word' id='word_1_134' title='bbox 1176 1925 1243 1980; x_wconf 78' lang='grc'>325-</span> 
     </span>
     <span class='ocr_line' id='line_1_18' title="bbox 117 1993 1239 2064; baseline 0.004 -13"><span class='ocrx_word' id='word_1_135' title='bbox 117 1997 182 2054; x_wconf 79' lang='lat' dir='ltr'>eeu.</span> <span class='ocrx_word' id='word_1_136' title='bbox 201 1995 260 2054; x_wconf 67' lang='lat' dir='ltr'>(tiit</span> <span class='ocrx_word' id='word_1_137' title='bbox 280 1994 360 2052; x_wconf 78' lang='lat' dir='ltr'>nelle</span> <span class='ocrx_word' id='word_1_138' title='bbox 379 1995 499 2052; x_wconf 84' lang='lat' dir='ltr'>nubeil</span> <span class='ocrx_word' id='word_1_139' title='bbox 519 1994 644 2051; x_wconf 83' lang='lat' dir='ltr'>fulmine</span> <span class='ocrx_word' id='word_1_140' title='bbox 664 1994 797 2063; x_wconf 87' lang='lat' dir='ltr'>produce</span> <span class='ocrx_word' id='word_1_141' title='bbox 818 1993 924 2052; x_wconf 90' lang='lat' dir='ltr'>dentro</span> <span class='ocrx_word' id='word_1_142' title='bbox 944 1994 973 2051; x_wconf 91' lang='lat' dir='ltr'>di</span> <span class='ocrx_word' id='word_1_143' title='bbox 993 1994 1024 2053; x_wconf 75' lang='lat' dir='ltr'>se</span> <span class='ocrx_word' id='word_1_144' title='bbox 1045 2014 1105 2052; x_wconf 83' lang='lat' dir='ltr'>unu</span> <span class='ocrx_word' id='word_1_145' title='bbox 1125 1997 1239 2064; x_wconf 80' lang='lat' dir='ltr'>grande</span> 
     </span>
     <span class='ocr_line' id='line_1_19' title="bbox 118 2065 1241 2136; baseline 0 -10"><span class='ocrx_word' id='word_1_146' title='bbox 118 2068 242 2136; x_wconf 80' lang='lat' dir='ltr'>energia</span> <span class='ocrx_word' id='word_1_147' title='bbox 262 2066 291 2123; x_wconf 88' lang='lat' dir='ltr'>di</span> <span class='ocrx_word' id='word_1_148' title='bbox 310 2066 432 2134; x_wconf 78' lang='lat' dir='ltr'>alaneio,</span> <span class='ocrx_word' id='word_1_149' title='bbox 452 2065 514 2122; x_wconf 88' lang='lat' dir='ltr'>tale</span> <span class='ocrx_word' id='word_1_150' title='bbox 531 2067 594 2134; x_wconf 80' lang='lat' dir='ltr'>che,</span> <span class='ocrx_word' id='word_1_151' title='bbox 608 2084 640 2123; x_wconf 79' lang='lat' dir='ltr'>se</span> <span class='ocrx_word' id='word_1_152' title='bbox 656 2069 774 2135; x_wconf 78' lang='lat' dir='ltr'>potesse</span> <span class='ocrx_word' id='word_1_153' title='bbox 795 2067 983 2124; x_wconf 82' lang='lat' dir='ltr'>comunioare</span> <span class='ocrx_word' id='word_1_154' title='bbox 1003 2067 1160 2136; x_wconf 84' lang='lat' dir='ltr'>l&#39;impulso</span> <span class='ocrx_word' id='word_1_155' title='bbox 1180 2068 1241 2126; x_wconf 86' lang='lat' dir='ltr'>alla</span> 
     </span>
     <span class='ocr_line' id='line_1_20' title="bbox 118 2137 1241 2207; baseline 0.002 -10"><span class='ocrx_word' id='word_1_156' title='bbox 118 2140 199 2197; x_wconf 92' lang='lat' dir='ltr'>nube</span> <span class='ocrx_word' id='word_1_157' title='bbox 216 2139 270 2196; x_wconf 90' lang='lat' dir='ltr'>che</span> <span class='ocrx_word' id='word_1_158' title='bbox 286 2137 305 2194; x_wconf 89' lang='lat' dir='ltr'>il</span> <span class='ocrx_word' id='word_1_159' title='bbox 319 2137 486 2206; x_wconf 83' lang='lat' dir='ltr'>rinchiude,</span> <span class='ocrx_word' id='word_1_160' title='bbox 504 2138 727 2196; x_wconf 80' lang='lat' dir='ltr'>trascinerebbe</span> <span class='ocrx_word' id='word_1_161' title='bbox 742 2145 847 2206; x_wconf 82' lang='lat' dir='ltr'>questa</span> <span class='ocrx_word' id='word_1_162' title='bbox 861 2157 879 2195; x_wconf 83' lang='lat' dir='ltr'>a</span> <span class='ocrx_word' id='word_1_163' title='bbox 891 2138 1078 2207; x_wconf 82' lang='lat' dir='ltr'>rapidissimo</span> <span class='ocrx_word' id='word_1_164' title='bbox 1093 2139 1173 2197; x_wconf 86' lang='lat' dir='ltr'>volo:</span> <span class='ocrx_word' id='word_1_165' title='bbox 1193 2159 1241 2198; x_wconf 89' lang='lat' dir='ltr'>ma</span> 
     </span>
     <span class='ocr_line' id='line_1_21' title="bbox 118 2209 1242 2284; baseline 0.002 -16"><span class='ocrx_word' id='word_1_166' title='bbox 118 2211 148 2268; x_wconf 85' lang='lat' dir='ltr'>le</span> <span class='ocrx_word' id='word_1_167' title='bbox 161 2211 242 2268; x_wconf 89' lang='lat' dir='ltr'>nube</span> <span class='ocrx_word' id='word_1_168' title='bbox 254 2209 360 2267; x_wconf 87' lang='lat' dir='ltr'>resiste</span> <span class='ocrx_word' id='word_1_169' title='bbox 377 2209 453 2267; x_wconf 88' lang='lat' dir='ltr'>colla</span> <span class='ocrx_word' id='word_1_170' title='bbox 467 2227 521 2266; x_wconf 86' lang='lat' dir='ltr'>sua</span> <span class='ocrx_word' id='word_1_171' title='bbox 534 2209 665 2276; x_wconf 82' lang='lat' dir='ltr'>inerzia3</span> <span class='ocrx_word' id='word_1_172' title='bbox 680 2209 790 2279; x_wconf 76' lang='lat' dir='ltr'>eppero</span> <span class='ocrx_word' id='word_1_173' title='bbox 806 2210 827 2266; x_wconf 95' lang='lat' dir='ltr'>il</span> <span class='ocrx_word' id='word_1_174' title='bbox 840 2210 966 2267; x_wconf 87' lang='lat' dir='ltr'>fulmine</span> <span class='ocrx_word' id='word_1_175' title='bbox 980 2230 1013 2268; x_wconf 84' lang='lat' dir='ltr'>se</span> <span class='ocrx_word' id='word_1_176' title='bbox 1025 2230 1063 2269; x_wconf 90' lang='lat' dir='ltr'>ne</span> <span class='ocrx_word' id='word_1_177' title='bbox 1079 2211 1242 2284; x_wconf 74' lang='lat' dir='ltr'>aprigione‚</span> 
     </span>
     <span class='ocr_line' id='line_1_22' title="bbox 118 2280 1239 2352; baseline 0 -11"><span class='ocrx_word' id='word_1_178' title='bbox 118 2303 134 2341; x_wconf 88' lang='lat' dir='ltr'>e</span> <span class='ocrx_word' id='word_1_179' title='bbox 155 2300 255 2340; x_wconf 83' lang='lat' dir='ltr'>nuova</span> <span class='ocrx_word' id='word_1_180' title='bbox 275 2282 399 2350; x_wconf 77' lang='lat' dir='ltr'>energia</span> <span class='ocrx_word' id='word_1_181' title='bbox 419 2280 548 2339; x_wconf 87' lang='lat' dir='ltr'>dimoto</span> <span class='ocrx_word' id='word_1_182' title='bbox 568 2282 705 2350; x_wconf 84' lang='lat' dir='ltr'>aequista</span> <span class='ocrx_word' id='word_1_183' title='bbox 730 2283 761 2338; x_wconf 88' lang='lat' dir='ltr'>iu</span> <span class='ocrx_word' id='word_1_184' title='bbox 781 2289 886 2350; x_wconf 81' lang='lat' dir='ltr'>questo</span> <span class='ocrx_word' id='word_1_185' title='bbox 905 2283 1109 2352; x_wconf 82' lang='lat' dir='ltr'>eprigionersi‚</span> <span class='ocrx_word' id='word_1_186' title='bbox 1128 2284 1239 2352; x_wconf 77' lang='lat' dir='ltr'>perche</span> 
     </span>
     <span class='ocr_line' id='line_1_23' title="bbox 118 2352 1241 2424; baseline 0.003 -13"><span class='ocrx_word' id='word_1_187' title='bbox 118 2354 148 2411; x_wconf 90' lang='lat' dir='ltr'>la</span> <span class='ocrx_word' id='word_1_188' title='bbox 168 2354 257 2424; x_wconf 86' lang='lat' dir='ltr'>nube,</span> <span class='ocrx_word' id='word_1_189' title='bbox 276 2353 356 2411; x_wconf 90' lang='lat' dir='ltr'>nello</span> <span class='ocrx_word' id='word_1_190' title='bbox 376 2353 474 2410; x_wconf 88' lang='lat' dir='ltr'>sforzo</span> <span class='ocrx_word' id='word_1_191' title='bbox 490 2352 520 2410; x_wconf 87' lang='lat' dir='ltr'>di</span> <span class='ocrx_word' id='word_1_192' title='bbox 540 2358 704 2424; x_wconf 75' lang='lat' dir='ltr'>exprimere</span> <span class='ocrx_word' id='word_1_193' title='bbox 721 2353 740 2409; x_wconf 92' lang='lat' dir='ltr'>il</span> <span class='ocrx_word' id='word_1_194' title='bbox 758 2353 892 2424; x_wconf 86' lang='lat' dir='ltr'>fulmine,</span> <span class='ocrx_word' id='word_1_195' title='bbox 912 2355 944 2411; x_wconf 89' lang='lat' dir='ltr'>fe</span> <span class='ocrx_word' id='word_1_196' title='bbox 963 2372 1046 2412; x_wconf 89' lang='lat' dir='ltr'>come</span> <span class='ocrx_word' id='word_1_197' title='bbox 1065 2355 1075 2411; x_wconf 92' lang='lat' dir='ltr'>i</span> <span class='ocrx_word' id='word_1_198' title='bbox 1095 2361 1241 2414; x_wconf 81' lang='lat' dir='ltr'>tormenta</span> 
     </span>
     <span class='ocr_line' id='line_1_24' title="bbox 51 2424 1240 2502; baseline 0.002 -18"><span class='ocrx_word' id='word_1_199' title='bbox 51 2486 60 2502; x_wconf 61' lang='grc'>,</span> <span class='ocrx_word' id='word_1_200' title='bbox 118 2427 172 2484; x_wconf 88' lang='lat' dir='ltr'>che</span> <span class='ocrx_word' id='word_1_201' title='bbox 197 2426 373 2494; x_wconf 90' lang='lat' dir='ltr'>imprimono</span> <span class='ocrx_word' id='word_1_202' title='bbox 393 2424 496 2483; x_wconf 86' lang='lat' dir='ltr'>veloce</span> <span class='ocrx_word' id='word_1_203' title='bbox 516 2430 596 2483; x_wconf 89' lang='lat' dir='ltr'>moto</span> <span class='ocrx_word' id='word_1_204' title='bbox 623 2426 651 2482; x_wconf 83' lang='lat' dir='ltr'>ai</span> <span class='ocrx_word' id='word_1_205' title='bbox 670 2425 825 2495; x_wconf 87' lang='lat' dir='ltr'>proiettili.</span> <span class='ocrx_word' id='word_1_206' title='bbox 898 2455 932 2464; x_wconf 90' lang='lat'>-·</span> <span class='ocrx_word' id='word_1_207' title='bbox 952 2427 1095 2485; x_wconf 86' lang='lat' dir='ltr'>Lucrezio</span> <span class='ocrx_word' id='word_1_208' title='bbox 1117 2428 1240 2486; x_wconf 88' lang='lat' dir='ltr'>intende</span> 
     </span>
     <span class='ocr_line' id='line_1_25' title="bbox 119 2495 1238 2569; baseline 0.002 -14"><span class='ocrx_word' id='word_1_209' title='bbox 119 2498 251 2556; x_wconf 71' lang='lat' dir='ltr'>deutero</span> <span class='ocrx_word' id='word_1_210' title='bbox 271 2495 329 2555; x_wconf 91' lang='lat' dir='ltr'>due</span> <span class='ocrx_word' id='word_1_211' title='bbox 349 2514 439 2554; x_wconf 83' lang='lat' dir='ltr'>cause</span> <span class='ocrx_word' id='word_1_212' title='bbox 459 2496 591 2567; x_wconf 81' lang='lat' dir='ltr'>distinte‚</span> <span class='ocrx_word' id='word_1_213' title='bbox 612 2517 627 2555; x_wconf 87' lang='lat' dir='ltr'>e</span> <span class='ocrx_word' id='word_1_214' title='bbox 648 2498 702 2554; x_wconf 88' lang='lat' dir='ltr'>che</span> <span class='ocrx_word' id='word_1_215' title='bbox 722 2499 747 2553; x_wconf 84' lang='lat' dir='ltr'>si</span> <span class='ocrx_word' id='word_1_216' title='bbox 773 2515 926 2555; x_wconf 75' lang='lat' dir='ltr'>commane</span> <span class='ocrx_word' id='word_1_217' title='bbox 945 2501 1028 2563; x_wconf 82' lang='lat' dir='ltr'>(note</span> <span class='ocrx_word' id='word_1_218' title='bbox 1049 2502 1238 2569; x_wconf 56' lang='lat' dir='ltr'>expromitur,</span> 
     </span>
     <span class='ocr_line' id='line_1_26' title="bbox 120 2568 1239 2639; baseline 0.003 -12"><span class='ocrx_word' id='word_1_219' title='bbox 120 2589 135 2628; x_wconf 91' lang='lat' dir='ltr'>e</span> <span class='ocrx_word' id='word_1_220' title='bbox 154 2570 218 2627; x_wconf 78' lang='lat' dir='ltr'>ideo</span> <span class='ocrx_word' id='word_1_221' title='bbox 237 2569 292 2626; x_wconf 89' lang='lat' dir='ltr'>che</span> <span class='ocrx_word' id='word_1_222' title='bbox 318 2568 342 2625; x_wconf 88' lang='lat' dir='ltr'>si</span> <span class='ocrx_word' id='word_1_223' title='bbox 361 2568 496 2626; x_wconf 87' lang='lat' dir='ltr'>riferisce</span> <span class='ocrx_word' id='word_1_224' title='bbox 521 2588 539 2626; x_wconf 84' lang='lat' dir='ltr'>u</span> <span class='ocrx_word' id='word_1_225' title='bbox 559 2573 748 2639; x_wconf 77' lang='lat' dir='ltr'>exprimitur,</span> <span class='ocrx_word' id='word_1_226' title='bbox 768 2587 784 2626; x_wconf 93' lang='lat' dir='ltr'>e</span> <span class='ocrx_word' id='word_1_227' title='bbox 813 2569 953 2627; x_wconf 75' lang='grc' dir='ltr'>1’θε.229</span> <span class='ocrx_word' id='word_1_228' title='bbox 973 2571 1028 2628; x_wconf 91' lang='lat' dir='ltr'>ohe</span> <span class='ocrx_word' id='word_1_229' title='bbox 1049 2571 1123 2628; x_wconf 80' lang='lat' dir='ltr'>deve</span> <span class='ocrx_word' id='word_1_230' title='bbox 1144 2572 1239 2631; x_wconf 81' lang='lat' dir='ltr'>anche</span> 
     </span>
     <span class='ocr_line' id='line_1_27' title="bbox 119 2639 1241 2712; baseline 0.001 -13"><span class='ocrx_word' id='word_1_231' title='bbox 119 2659 182 2699; x_wconf 85' lang='lat' dir='ltr'>osso</span> <span class='ocrx_word' id='word_1_232' title='bbox 207 2641 344 2709; x_wconf 79' lang='lat' dir='ltr'>optegere</span> <span class='ocrx_word' id='word_1_233' title='bbox 371 2639 390 2697; x_wconf 82' lang='lat' dir='ltr'>l&#39;</span> <span class='ocrx_word' id='word_1_234' title='bbox 399 2642 598 2712; x_wconf 76' lang='lat' dir='ltr'>exprimitur),</span> <span class='ocrx_word' id='word_1_235' title='bbox 616 2641 747 2699; x_wconf 81' lang='lat' dir='ltr'>sebbene</span> <span class='ocrx_word' id='word_1_236' title='bbox 768 2642 798 2698; x_wconf 90' lang='lat' dir='ltr'>in</span> <span class='ocrx_word' id='word_1_237' title='bbox 815 2640 913 2699; x_wconf 76' lang='lat' dir='ltr'>verita</span> <span class='ocrx_word' id='word_1_238' title='bbox 928 2661 988 2700; x_wconf 88' lang='lat' dir='ltr'>non</span> <span class='ocrx_word' id='word_1_239' title='bbox 1008 2642 1090 2700; x_wconf 81' lang='lat' dir='ltr'>siene</span> <span class='ocrx_word' id='word_1_240' title='bbox 1107 2643 1161 2700; x_wconf 91' lang='lat' dir='ltr'>che</span> <span class='ocrx_word' id='word_1_241' title='bbox 1183 2643 1241 2701; x_wconf 87' lang='lat' dir='ltr'>due</span> 
     </span>
     <span class='ocr_line' id='line_1_28' title="bbox 73 2710 1242 2784; baseline 0.001 -13"><span class='ocrx_word' id='word_1_242' title='bbox 73 2725 77 2733; x_wconf 88' lang='lat'>&#39;</span> <span class='ocrx_word' id='word_1_243' title='bbox 119 2712 257 2781; x_wconf 81' lang='lat' dir='ltr'>analogio</span> <span class='ocrx_word' id='word_1_244' title='bbox 285 2714 390 2770; x_wconf 85' lang='lat' dir='ltr'>cavate</span> <span class='ocrx_word' id='word_1_245' title='bbox 419 2710 501 2770; x_wconf 87' lang='lat' dir='ltr'>dalla</span> <span class='ocrx_word' id='word_1_246' title='bbox 526 2714 735 2771; x_wconf 79' lang='lat' dir='ltr'>osservezicne</span> <span class='ocrx_word' id='word_1_247' title='bbox 761 2712 960 2784; x_wconf 83' lang='lat' dir='ltr'>superficiale,</span> <span class='ocrx_word' id='word_1_248' title='bbox 980 2713 1007 2771; x_wconf 90' lang='lat' dir='ltr'>le</span> <span class='ocrx_word' id='word_1_249' title='bbox 1027 2714 1120 2783; x_wconf 82' lang='lat' dir='ltr'>quali,</span> <span class='ocrx_word' id='word_1_250' title='bbox 1139 2733 1193 2784; x_wconf 87' lang='lat' dir='ltr'>per</span> <span class='ocrx_word' id='word_1_251' title='bbox 1211 2714 1242 2772; x_wconf 90' lang='lat' dir='ltr'>di</span> 
     </span>
     <span class='ocr_line' id='line_1_29' title="bbox 118 2783 1241 2855; baseline 0.003 -15"><span class='ocrx_word' id='word_1_252' title='bbox 118 2785 178 2855; x_wconf 81' lang='lat' dir='ltr'>piu,</span> <span class='ocrx_word' id='word_1_253' title='bbox 198 2802 258 2849; x_wconf 82' lang='lat' dir='ltr'>nou</span> <span class='ocrx_word' id='word_1_254' title='bbox 277 2783 488 2842; x_wconf 73' lang='lat' dir='ltr'>si‘conciliono</span> <span class='ocrx_word' id='word_1_255' title='bbox 508 2785 600 2853; x_wconf 84' lang='lat' dir='ltr'>bene;</span> <span class='ocrx_word' id='word_1_256' title='bbox 620 2783 744 2854; x_wconf 78' lang='lat' dir='ltr'>giaeene</span> <span class='ocrx_word' id='word_1_257' title='bbox 764 2803 795 2843; x_wconf 82' lang='lat' dir='ltr'>so</span> <span class='ocrx_word' id='word_1_258' title='bbox 815 2784 831 2842; x_wconf 80' lang='grc' dir='ltr'>ὸ</span> <span class='ocrx_word' id='word_1_259' title='bbox 852 2785 873 2841; x_wconf 90' lang='lat' dir='ltr'>il</span> <span class='ocrx_word' id='word_1_260' title='bbox 892 2786 1018 2844; x_wconf 89' lang='lat' dir='ltr'>fulmine</span> <span class='ocrx_word' id='word_1_261' title='bbox 1038 2786 1093 2844; x_wconf 87' lang='lat' dir='ltr'>che</span> <span class='ocrx_word' id='word_1_262' title='bbox 1109 2805 1128 2843; x_wconf 87' lang='lat' dir='ltr'>e</span> <span class='ocrx_word' id='word_1_263' title='bbox 1147 2786 1241 2844; x_wconf 86' lang='lat' dir='ltr'>fatica</span> 
     </span>
     <span class='ocr_line' id='line_1_30' title="bbox 118 2855 1240 2928; baseline 0.003 -15"><span class='ocrx_word' id='word_1_264' title='bbox 118 2863 213 2925; x_wconf 80' lang='lat' dir='ltr'>o’epre</span> <span class='ocrx_word' id='word_1_265' title='bbox 233 2856 263 2913; x_wconf 82' lang='lat' dir='ltr'>lo</span> <span class='ocrx_word' id='word_1_266' title='bbox 282 2855 385 2913; x_wconf 84' lang='lat' dir='ltr'>strada</span> <span class='ocrx_word' id='word_1_267' title='bbox 401 2859 571 2914; x_wconf 85' lang='lat' dir='ltr'>attraverso</span> <span class='ocrx_word' id='word_1_268' title='bbox 591 2857 621 2913; x_wconf 90' lang='lat' dir='ltr'>la</span> <span class='ocrx_word' id='word_1_269' title='bbox 641 2858 729 2921; x_wconf 80' lang='lat' dir='ltr'>nube,</span> <span class='ocrx_word' id='word_1_270' title='bbox 746 2873 828 2914; x_wconf 86' lang='lat' dir='ltr'>come</span> <span class='ocrx_word' id='word_1_271' title='bbox 844 2857 904 2914; x_wconf 86' lang='lat' dir='ltr'>mai</span> <span class='ocrx_word' id='word_1_272' title='bbox 923 2858 1089 2928; x_wconf 59' lang='lat' dir='ltr'>questa&#39;gli</span> <span class='ocrx_word' id='word_1_273' title='bbox 1108 2857 1168 2927; x_wconf 79' lang='lat' dir='ltr'>put</span> <span class='ocrx_word' id='word_1_274' title='bbox 1187 2860 1240 2915; x_wconf 89' lang='lat' dir='ltr'>im·</span> 
     </span>
     <span class='ocr_line' id='line_1_31' title="bbox 118 2927 1241 2998; baseline 0.004 -13"><span class='ocrx_word' id='word_1_275' title='bbox 118 2930 246 2996; x_wconf 77' lang='lat' dir='ltr'>primore</span> <span class='ocrx_word' id='word_1_276' title='bbox 260 2945 360 2985; x_wconf 83' lang='lat' dir='ltr'>nuova</span> <span class='ocrx_word' id='word_1_277' title='bbox 373 2927 477 2985; x_wconf 80' lang='lat' dir='ltr'>foma?</span> <span class='ocrx_word' id='word_1_278' title='bbox 520 2958 555 2966; x_wconf 92' lang='lat'><em>-</em></span> <span class='ocrx_word' id='word_1_279' title='bbox 566 2928 629 2985; x_wconf 73' lang='grc'>325.</span> <span class='ocrx_word' id='word_1_280' title='bbox 643 2928 771 2987; x_wconf 66' lang='lat' dir='ltr'>teretibus</span> <span class='ocrx_word' id='word_1_281' title='bbox 784 2928 878 2987; x_wconf 82' lang='lat' dir='ltr'>oblat.</span> <span class='ocrx_word' id='word_1_282' title='bbox 893 2928 922 2985; x_wconf 90' lang='lat' dir='ltr'>di</span> <span class='ocrx_word' id='word_1_283' title='bbox 935 2930 1034 2998; x_wconf 81' lang='lat' dir='ltr'>luogo.</span> <span class='ocrx_word' id='word_1_284' title='bbox 1075 2960 1111 2972; x_wconf 79' lang='lat'>--</span> <span class='ocrx_word' id='word_1_285' title='bbox 1121 2934 1241 2989; x_wconf 69' lang='lat' dir='ltr'>ottoniae</span> 
     </span>
     <span class='ocr_line' id='line_1_32' title="bbox 121 2999 1239 3073; baseline 0.004 -17"><span class='ocrx_word' id='word_1_286' title='bbox 121 2999 133 3024; x_wconf 85' lang='lat'><strong>“</strong></span> <span class='ocrx_word' id='word_1_287' title='bbox 148 3001 178 3056; x_wconf 91' lang='lat' dir='ltr'>in</span> <span class='ocrx_word' id='word_1_288' title='bbox 198 3017 333 3069; x_wconf 81' lang='lat' dir='ltr'>genere„</span> <span class='ocrx_word' id='word_1_289' title='bbox 348 3038 355 3063; x_wconf 85' lang='lat'><strong><em>,</em></strong></span> <span class='ocrx_word' id='word_1_290' title='bbox 373 3018 456 3057; x_wconf 89' lang='lat' dir='ltr'>come</span> <span class='ocrx_word' id='word_1_291' title='bbox 475 3000 497 3056; x_wconf 90' lang='lat' dir='ltr'>il</span> <span class='ocrx_word' id='word_1_292' title='bbox 514 3000 591 3059; x_wconf 77' lang='lat' dir='ltr'>fatto</span> <span class='ocrx_word' id='word_1_293' title='bbox 605 2999 839 3058; x_wconf 87' lang='lat' dir='ltr'>fondamentale.</span> <span class='ocrx_word' id='word_1_294' title='bbox 913 3031 946 3040; x_wconf 96' lang='lat'>—</span> <span class='ocrx_word' id='word_1_295' title='bbox 962 3001 1029 3058; x_wconf 76' lang='grc'>326.</span> <span class='ocrx_word' id='word_1_296' title='bbox 1045 3018 1184 3073; x_wconf 70' lang='lat' dir='ltr'>crepitum</span> <span class='ocrx_word' id='word_1_297' title='bbox 1197 3021 1239 3061; x_wconf 89' lang='lat' dir='ltr'>co·</span> 
     </span>
     <span class='ocr_line' id='line_1_33' title="bbox 119 3070 1240 3142; baseline 0.002 -13"><span class='ocrx_word' id='word_1_298' title='bbox 119 3090 225 3129; x_wconf 80' lang='lat' dir='ltr'>acmen</span> <span class='ocrx_word' id='word_1_299' title='bbox 244 3075 334 3129; x_wconf 78' lang='lat' dir='ltr'>sentit</span> <span class='ocrx_word' id='word_1_300' title='bbox 348 3072 440 3129; x_wconf 75' lang='lat' dir='ltr'>ezraeli</span> <span class='ocrx_word' id='word_1_301' title='bbox 457 3070 473 3129; x_wconf 78' lang='grc' dir='ltr'>ὸ</span> <span class='ocrx_word' id='word_1_302' title='bbox 493 3091 553 3129; x_wconf 87' lang='lat' dir='ltr'>una</span> <span class='ocrx_word' id='word_1_303' title='bbox 572 3072 653 3129; x_wconf 90' lang='lat' dir='ltr'>belle</span> <span class='ocrx_word' id='word_1_304' title='bbox 674 3091 689 3129; x_wconf 89' lang='lat' dir='ltr'>e</span> <span class='ocrx_word' id='word_1_305' title='bbox 709 3074 868 3141; x_wconf 81' lang='lat' dir='ltr'>perspicue</span> <span class='ocrx_word' id='word_1_306' title='bbox 884 3074 1075 3142; x_wconf 79' lang='lat' dir='ltr'>spiegazione</span> <span class='ocrx_word' id='word_1_307' title='bbox 1096 3073 1126 3131; x_wconf 94' lang='lat' dir='ltr'>di</span> <span class='ocrx_word' id='word_1_308' title='bbox 1145 3077 1240 3132; x_wconf 75' lang='lat' dir='ltr'>incito</span> 
     </span>
     <span class='ocr_line' id='line_1_34' title="bbox 120 3143 1241 3214; baseline 0.001 -13"><span class='ocrx_word' id='word_1_309' title='bbox 120 3162 149 3201; x_wconf 80' lang='lat' dir='ltr'>ee</span> <span class='ocrx_word' id='word_1_310' title='bbox 172 3146 216 3201; x_wconf 79' lang='lat' dir='ltr'>oie</span> <span class='ocrx_word' id='word_1_311' title='bbox 241 3143 363 3213; x_wconf 69' lang='lat' dir='ltr'>callipit</span> <span class='ocrx_word' id='word_1_312' title='bbox 387 3162 436 3200; x_wconf 87' lang='lat' dir='ltr'>me</span> <span class='ocrx_word' id='word_1_313' title='bbox 455 3162 514 3201; x_wconf 88' lang='lat' dir='ltr'>non</span> <span class='ocrx_word' id='word_1_314' title='bbox 539 3145 644 3214; x_wconf 84' lang='lat' dir='ltr'>spiega</span> <span class='ocrx_word' id='word_1_315' title='bbox 670 3149 764 3213; x_wconf 89' lang='lat' dir='ltr'>punto</span> <span class='ocrx_word' id='word_1_316' title='bbox 784 3144 890 3202; x_wconf 89' lang='lat' dir='ltr'>d’onde</span> <span class='ocrx_word' id='word_1_317' title='bbox 910 3163 926 3202; x_wconf 89' lang='lat' dir='ltr'>e</span> <span class='ocrx_word' id='word_1_318' title='bbox 946 3163 1028 3202; x_wconf 88' lang='lat' dir='ltr'>come</span> <span class='ocrx_word' id='word_1_319' title='bbox 1047 3163 1147 3214; x_wconf 84' lang='lat' dir='ltr'>vengn</span> <span class='ocrx_word' id='word_1_320' title='bbox 1167 3143 1241 3202; x_wconf 87' lang='lat' dir='ltr'>l’in·</span> 
     </span>
     <span class='ocr_line' id='line_1_35' title="bbox 121 3214 1240 3285; baseline 0.002 -12"><span class='ocrx_word' id='word_1_321' title='bbox 121 3220 205 3273; x_wconf 84' lang='lat' dir='ltr'>terno</span> <span class='ocrx_word' id='word_1_322' title='bbox 233 3214 374 3284; x_wconf 80' lang='lat' dir='ltr'>impulso:</span> <span class='ocrx_word' id='word_1_323' title='bbox 394 3214 410 3272; x_wconf 79' lang='lat' dir='ltr'>e</span> <span class='ocrx_word' id='word_1_324' title='bbox 432 3214 511 3272; x_wconf 82' lang='lat' dir='ltr'>nelle</span> <span class='ocrx_word' id='word_1_325' title='bbox 537 3216 669 3273; x_wconf 79' lang='lat' dir='ltr'>fantasia</span> <span class='ocrx_word' id='word_1_326' title='bbox 688 3216 743 3272; x_wconf 89' lang='lat' dir='ltr'>ohe</span> <span class='ocrx_word' id='word_1_327' title='bbox 763 3215 887 3273; x_wconf 82' lang='lat' dir='ltr'>ell&#39;idee</span> <span class='ocrx_word' id='word_1_328' title='bbox 907 3215 937 3272; x_wconf 87' lang='lat' dir='ltr'>di</span> <span class='ocrx_word' id='word_1_329' title='bbox 957 3236 997 3273; x_wconf 90' lang='lat' dir='ltr'>un</span> <span class='ocrx_word' id='word_1_330' title='bbox 1018 3234 1108 3285; x_wconf 88' lang='lat' dir='ltr'>corpo</span> <span class='ocrx_word' id='word_1_331' title='bbox 1127 3235 1240 3285; x_wconf 84' lang='lat' dir='ltr'>aguzzo</span> 
     </span>
     <span class='ocr_line' id='line_1_36' title="bbox 120 3286 1240 3356; baseline 0.002 -12"><span class='ocrx_word' id='word_1_332' title='bbox 120 3286 402 3345; x_wconf 80' lang='lat' dir='ltr'>evortieosamente</span> <span class='ocrx_word' id='word_1_333' title='bbox 423 3287 541 3355; x_wconf 86' lang='lat' dir='ltr'>girante</span> <span class='ocrx_word' id='word_1_334' title='bbox 560 3288 661 3356; x_wconf 85' lang='lat' dir='ltr'>(quale</span> <span class='ocrx_word' id='word_1_335' title='bbox 686 3288 708 3344; x_wconf 91' lang='lat' dir='ltr'>il</span> <span class='ocrx_word' id='word_1_336' title='bbox 727 3287 853 3345; x_wconf 86' lang='lat' dir='ltr'>fulmine</span> <span class='ocrx_word' id='word_1_337' title='bbox 873 3288 954 3345; x_wconf 85' lang='lat' dir='ltr'>nelle</span> <span class='ocrx_word' id='word_1_338' title='bbox 977 3288 1071 3355; x_wconf 91' lang='lat' dir='ltr'>nube)</span> <span class='ocrx_word' id='word_1_339' title='bbox 1090 3289 1240 3346; x_wconf 82' lang='lat' dir='ltr'>s&#39;amooia</span> 
     </span>
     <span class='ocr_line' id='line_1_37' title="bbox 118 3357 1239 3430; baseline 0.002 -15"><span class='ocrx_word' id='word_1_340' title='bbox 118 3358 216 3415; x_wconf 85' lang='lat' dir='ltr'>l’eltra</span> <span class='ocrx_word' id='word_1_341' title='bbox 231 3357 321 3415; x_wconf 84' lang='lat' dir='ltr'>d’une</span> <span class='ocrx_word' id='word_1_342' title='bbox 341 3357 489 3416; x_wconf 87' lang='lat' dir='ltr'>tendenza</span> <span class='ocrx_word' id='word_1_343' title='bbox 505 3378 524 3416; x_wconf 87' lang='lat' dir='ltr'>a</span> <span class='ocrx_word' id='word_1_344' title='bbox 542 3360 665 3429; x_wconf 85' lang='lat' dir='ltr'>partire.</span> <span class='ocrx_word' id='word_1_345' title='bbox 740 3389 773 3398; x_wconf 91' lang='lat'>-</span> <span class='ocrx_word' id='word_1_346' title='bbox 787 3358 924 3416; x_wconf 63' lang='lat' dir='ltr'>&amp;tlt-334.</span> <span class='ocrx_word' id='word_1_347' title='bbox 944 3361 969 3417; x_wconf 82' lang='lat' dir='ltr'><strong>E</strong></span> <span class='ocrx_word' id='word_1_348' title='bbox 985 3360 1034 3418; x_wconf 89' lang='lat' dir='ltr'>nel</span> <span class='ocrx_word' id='word_1_349' title='bbox 1047 3377 1101 3417; x_wconf 84' lang='lat' dir='ltr'>suo</span> <span class='ocrx_word' id='word_1_350' title='bbox 1116 3360 1239 3430; x_wconf 84' lang='lat' dir='ltr'>viaggio</span> 
     </span>
     <span class='ocr_line' id='line_1_38' title="bbox 10 3428 1241 3501; baseline 0.002 -14"><span class='ocrx_word' id='word_1_351' title='bbox 10 3496 11 3499; x_wconf 8' lang='grc' dir='ltr'><strong>Ἴ</strong></span> <span class='ocrx_word' id='word_1_352' title='bbox 119 3430 139 3487; x_wconf 86' lang='lat' dir='ltr'>il</span> <span class='ocrx_word' id='word_1_353' title='bbox 160 3429 284 3487; x_wconf 83' lang='lat' dir='ltr'>fulmine</span> <span class='ocrx_word' id='word_1_354' title='bbox 294 3448 353 3487; x_wconf 91' lang='lat' dir='ltr'>nou</span> <span class='ocrx_word' id='word_1_355' title='bbox 367 3428 383 3487; x_wconf 79' lang='grc' dir='ltr'>ὸ</span> <span class='ocrx_word' id='word_1_356' title='bbox 399 3437 493 3499; x_wconf 88' lang='lat' dir='ltr'>punto</span> <span class='ocrx_word' id='word_1_357' title='bbox 509 3434 687 3501; x_wconf 71' lang='lat' dir='ltr'>martenum,</span> <span class='ocrx_word' id='word_1_358' title='bbox 703 3430 793 3490; x_wconf 81' lang='lat' dir='ltr'>osolo</span> <span class='ocrx_word' id='word_1_359' title='bbox 810 3431 1043 3500; x_wconf 77' lang='lat' dir='ltr'>minimamente‚</span> <span class='ocrx_word' id='word_1_360' title='bbox 1061 3431 1142 3499; x_wconf 84' lang='lat' dir='ltr'>degli</span> <span class='ocrx_word' id='word_1_361' title='bbox 1162 3440 1241 3490; x_wconf 83' lang='lat' dir='ltr'>oste-</span> 
     </span>
     <span class='ocr_line' id='line_1_39' title="bbox 120 3499 1240 3575; baseline 0 -15"><span class='ocrx_word' id='word_1_362' title='bbox 120 3501 183 3571; x_wconf 79' lang='lat' dir='ltr'>coli,</span> <span class='ocrx_word' id='word_1_363' title='bbox 202 3499 321 3571; x_wconf 75' lang='lat' dir='ltr'>perche,</span> <span class='ocrx_word' id='word_1_364' title='bbox 341 3501 543 3560; x_wconf 79' lang='lat' dir='ltr'>coll‘estrema</span> <span class='ocrx_word' id='word_1_365' title='bbox 565 3503 734 3561; x_wconf 86' lang='lat' dir='ltr'>minutezza</span> <span class='ocrx_word' id='word_1_366' title='bbox 754 3522 769 3560; x_wconf 90' lang='lat' dir='ltr'>e</span> <span class='ocrx_word' id='word_1_367' title='bbox 789 3503 976 3572; x_wconf 84' lang='lat' dir='ltr'>lerigatezzc</span> <span class='ocrx_word' id='word_1_368' title='bbox 993 3502 1038 3562; x_wconf 88' lang='lat' dir='ltr'>de&#39;</span> <span class='ocrx_word' id='word_1_369' title='bbox 1052 3505 1117 3562; x_wconf 85' lang='lat' dir='ltr'>suoi</span> <span class='ocrx_word' id='word_1_370' title='bbox 1137 3505 1240 3575; x_wconf 76' lang='lat' dir='ltr'>atomi,</span> 
     </span>
     <span class='ocr_line' id='line_1_40' title="bbox 120 3574 1241 3644; baseline 0.003 -14"><span class='ocrx_word' id='word_1_371' title='bbox 120 3578 288 3631; x_wconf 81' lang='lat' dir='ltr'>attraremo</span> <span class='ocrx_word' id='word_1_372' title='bbox 314 3574 415 3642; x_wconf 86' lang='lat' dir='ltr'>quegli</span> <span class='ocrx_word' id='word_1_373' title='bbox 437 3576 562 3632; x_wconf 85' lang='lat' dir='ltr'>ostacoli</span> <span class='ocrx_word' id='word_1_374' title='bbox 586 3575 735 3643; x_wconf 77' lang='lat' dir='ltr'>passando</span> <span class='ocrx_word' id='word_1_375' title='bbox 763 3576 813 3643; x_wconf 88' lang='lat' dir='ltr'>pei</span> <span class='ocrx_word' id='word_1_376' title='bbox 839 3575 903 3633; x_wconf 90' lang='lat' dir='ltr'>loro</span> <span class='ocrx_word' id='word_1_377' title='bbox 923 3575 996 3644; x_wconf 80' lang='lat' dir='ltr'>pori.</span> <span class='ocrx_word' id='word_1_378' title='bbox 1070 3605 1103 3614; x_wconf 91' lang='lat'><em>-</em></span> <span class='ocrx_word' id='word_1_379' title='bbox 1122 3575 1178 3630; x_wconf 74' lang='lat'>330</span> <span class='ocrx_word' id='word_1_380' title='bbox 1196 3594 1241 3643; x_wconf 80' lang='lat' dir='ltr'>eg.</span> 
     </span>
     <span class='ocr_line' id='line_1_41' title="bbox 120 3643 1241 3717; baseline 0.003 -15"><span class='ocrx_word' id='word_1_381' title='bbox 120 3643 171 3702; x_wconf 87' lang='lat' dir='ltr'>cfr.</span> <span class='ocrx_word' id='word_1_382' title='bbox 190 3645 243 3701; x_wconf 84' lang='grc'>226</span> <span class='ocrx_word' id='word_1_383' title='bbox 262 3663 304 3713; x_wconf 79' lang='lat' dir='ltr'>eg.</span> <span class='ocrx_word' id='word_1_384' title='bbox 378 3674 413 3684; x_wconf 94' lang='lat'>-</span> <span class='ocrx_word' id='word_1_385' title='bbox 431 3646 494 3701; x_wconf 77' lang='lat'>333.</span> <span class='ocrx_word' id='word_1_386' title='bbox 515 3649 548 3704; x_wconf 77' lang='lat' dir='ltr'>ia</span> <span class='ocrx_word' id='word_1_387' title='bbox 567 3648 761 3717; x_wconf 67' lang='lat' dir='ltr'>emmonem</span> <span class='ocrx_word' id='word_1_388' title='bbox 788 3646 841 3705; x_wconf 90' lang='lat' dir='ltr'>cfr.</span> <span class='ocrx_word' id='word_1_389' title='bbox 862 3648 908 3705; x_wconf 92' lang='lat' dir='ltr'>col</span> <span class='ocrx_word' id='word_1_390' title='bbox 928 3647 1049 3706; x_wconf 73' lang='lat' dir='ltr'>Munroe</span> <span class='ocrx_word' id='word_1_391' title='bbox 1070 3647 1115 3704; x_wconf 87' lang='lat' dir='ltr'>IV</span> <span class='ocrx_word' id='word_1_392' title='bbox 1135 3647 1187 3704; x_wconf 74' lang='lat'>720</span> <span class='ocrx_word' id='word_1_393' title='bbox 1207 3651 1241 3706; x_wconf 80' lang='lat' dir='ltr'>io</span> 
     </span>
     <span class='ocr_line' id='line_1_42' title="bbox 27 3716 1240 3791; baseline 0 -17"><span class='ocrx_word' id='word_1_394' title='bbox 27 3717 30 3723; x_wconf 79' lang='grc'>’</span> <span class='ocrx_word' id='word_1_395' title='bbox 120 3717 295 3774; x_wconf 79' lang='lat' dir='ltr'>remorando</span> <span class='ocrx_word' id='word_1_396' title='bbox 315 3716 447 3774; x_wconf 82' lang='lat' dir='ltr'>Laedere</span> <span class='ocrx_word' id='word_1_397' title='bbox 472 3735 509 3775; x_wconf 83' lang='lat' dir='ltr'>oe</span> <span class='ocrx_word' id='word_1_398' title='bbox 526 3722 643 3789; x_wconf 78' lang='lat' dir='ltr'>possint</span> <span class='ocrx_word' id='word_1_399' title='bbox 668 3738 703 3776; x_wconf 79' lang='lat' dir='ltr'>ea·</span> <span class='ocrx_word' id='word_1_400' title='bbox 722 3719 788 3776; x_wconf 82' lang='lat' dir='ltr'>allo</span> <span class='ocrx_word' id='word_1_401' title='bbox 814 3720 930 3777; x_wconf 80' lang='lat' dir='ltr'>lumino</span> <span class='ocrx_word' id='word_1_402' title='bbox 948 3725 1053 3791; x_wconf 53' lang='lat' dir='ltr'>porta</span> <span class='ocrx_word' id='word_1_403' title='bbox 1071 3719 1186 3776; x_wconf 46' lang='lat'>11121491</span> <span class='ocrx_word' id='word_1_404' title='bbox 1200 3722 1240 3775; x_wconf 52' lang='lat' dir='ltr'>*in</span> 
     </span>
     <span class='ocr_line' id='line_1_43' title="bbox 119 3787 1241 3863; baseline 0.002 -17"><span class='ocrx_word' id='word_1_405' title='bbox 119 3788 258 3846; x_wconf 74' lang='lat' dir='ltr'>iactando</span> <span class='ocrx_word' id='word_1_406' title='bbox 276 3788 406 3845; x_wconf 72' lang='lat' dir='ltr'>atterutro</span> <span class='ocrx_word' id='word_1_407' title='bbox 425 3787 553 3859; x_wconf 61' lang='lat' dir='ltr'>formem</span> <span class='ocrx_word' id='word_1_408' title='bbox 582 3790 633 3848; x_wconf 70' lang='lat'>706</span> <span class='ocrx_word' id='word_1_409' title='bbox 653 3794 687 3848; x_wconf 79' lang='lat' dir='ltr'>io</span> <span class='ocrx_word' id='word_1_410' title='bbox 706 3790 857 3849; x_wconf 74' lang='lat' dir='ltr'>manando</span> <span class='ocrx_word' id='word_1_411' title='bbox 877 3792 1104 3863; x_wconf 75' lang='lat' dir='ltr'>dissoluuntur,-</span> <span class='ocrx_word' id='word_1_412' title='bbox 1125 3790 1168 3846; x_wconf 86' lang='lat' dir='ltr'>Vl</span> <span class='ocrx_word' id='word_1_413' title='bbox 1188 3792 1241 3848; x_wconf 82' lang='lat'>143</span> 
     </span>
     <span class='ocr_line' id='line_1_44' title="bbox 121 3857 1241 3934; baseline 0.002 -16"><span class='ocrx_word' id='word_1_414' title='bbox 121 3860 191 3919; x_wconf 80' lang='lat' dir='ltr'>dont</span> <span class='ocrx_word' id='word_1_415' title='bbox 210 3862 244 3916; x_wconf 79' lang='lat' dir='ltr'>io</span> <span class='ocrx_word' id='word_1_416' title='bbox 263 3857 339 3930; x_wconf 68' lang='lat' dir='ltr'>fron</span> <span class='ocrx_word' id='word_1_417' title='bbox 360 3862 450 3933; x_wconf 61' lang='lat' dir='ltr'>eadm·</span> <span class='ocrx_word' id='word_1_418' title='bbox 468 3861 528 3920; x_wconf 80' lang='lat' dir='ltr'>(lic.</span> <span class='ocrx_word' id='word_1_419' title='bbox 544 3881 602 3933; x_wconf 86' lang='lat' dir='ltr'>pro</span> <span class='ocrx_word' id='word_1_420' title='bbox 622 3860 708 3920; x_wconf 74' lang='lat' dir='ltr'>Font-</span> <span class='ocrx_word' id='word_1_421' title='bbox 733 3865 768 3919; x_wconf 81' lang='lat'>39</span> <span class='ocrx_word' id='word_1_422' title='bbox 793 3866 827 3919; x_wconf 82' lang='lat' dir='ltr'>ia</span> <span class='ocrx_word' id='word_1_423' title='bbox 852 3862 1030 3934; x_wconf 80' lang='lat' dir='ltr'>appellando</span> <span class='ocrx_word' id='word_1_424' title='bbox 1050 3861 1223 3933; x_wconf 66' lang='lat' dir='ltr'>cicatricem</span> <span class='ocrx_word' id='word_1_425' title='bbox 1230 3884 1241 3932; x_wconf 89' lang='lat'><em>;</em></span> 
     </span>
    </p>

    <p class='ocr_par' dir='ltr' id='par_1_5' title="bbox 9 3879 1278 4076">
     <span class='ocr_line' id='line_1_45' title="bbox 9 3879 1278 4010; baseline 0.002 -21"><span class='ocrx_word' id='word_1_426' title='bbox 9 3962 10 3965; x_wconf 34' lang='lat'>¹</span> <span class='ocrx_word' id='word_1_427' title='bbox 120 3931 162 3989; x_wconf 81' lang='lat' dir='ltr'>Or</span> <span class='ocrx_word' id='word_1_428' title='bbox 175 3930 279 3989; x_wconf 77' lang='lat' dir='ltr'>,Trist</span> <span class='ocrx_word' id='word_1_429' title='bbox 298 3879 357 3988; x_wconf 63' lang='lat' dir='ltr'>Iup</span> <span class='ocrx_word' id='word_1_430' title='bbox 363 3934 396 3988; x_wconf 85' lang='lat'>14</span> <span class='ocrx_word' id='word_1_431' title='bbox 411 3935 501 4004; x_wconf 76' lang='lat' dir='ltr'>inpete</span> <span class='ocrx_word' id='word_1_432' title='bbox 523 3934 736 4005; x_wconf 59' lang='lat' dir='ltr'>relinquenda</span> <span class='ocrx_word' id='word_1_433' title='bbox 755 3936 856 4005; x_wconf 72' lang='lat' dir='ltr'>script.</span> <span class='ocrx_word' id='word_1_434' title='bbox 877 3935 946 3994; x_wconf 91' lang='lat' dir='ltr'>bell.</span> <span class='ocrx_word' id='word_1_435' title='bbox 965 3936 1031 3992; x_wconf 82' lang='lat' dir='ltr'>Afr.</span> <span class='ocrx_word' id='word_1_436' title='bbox 1049 3937 1083 3992; x_wconf 80' lang='lat'>63</span> <span class='ocrx_word' id='word_1_437' title='bbox 1110 3953 1185 4006; x_wconf 72' lang='lat' dir='ltr'>oreae</span> <span class='ocrx_word' id='word_1_438' title='bbox 1205 3938 1238 3993; x_wconf 75' lang='lat' dir='ltr'>in</span> <span class='ocrx_word' id='word_1_439' title='bbox 1275 4004 1278 4010; x_wconf 19' lang='lat'><em>⁴</em></span> 
     </span>
     <span class='ocr_line' id='line_1_46' title="bbox 120 4003 1243 4076; baseline 0.004 -15"><span class='ocrx_word' id='word_1_440' title='bbox 120 4003 309 4074; x_wconf 79' lang='lat' dir='ltr'>repuprtondo</span> <span class='ocrx_word' id='word_1_441' title='bbox 329 4010 394 4061; x_wconf 82' lang='lat' dir='ltr'>eret</span> <span class='ocrx_word' id='word_1_442' title='bbox 413 4011 601 4063; x_wconf 79' lang='lat' dir='ltr'>commorata.</span> <span class='ocrx_word' id='word_1_443' title='bbox 618 4004 772 4076; x_wconf 83' lang='lat' dir='ltr'>Bedando,</span> <span class='ocrx_word' id='word_1_444' title='bbox 788 4006 836 4064; x_wconf 86' lang='lat' dir='ltr'>del</span> <span class='ocrx_word' id='word_1_445' title='bbox 852 4010 943 4075; x_wconf 79' lang='lat' dir='ltr'>resto,</span> <span class='ocrx_word' id='word_1_446' title='bbox 959 4008 1013 4065; x_wconf 91' lang='lat' dir='ltr'>che</span> <span class='ocrx_word' id='word_1_447' title='bbox 1034 4007 1086 4076; x_wconf 89' lang='lat' dir='ltr'>qui</span> <span class='ocrx_word' id='word_1_448' title='bbox 1103 4011 1136 4065; x_wconf 79' lang='lat' dir='ltr'>io</span> <span class='ocrx_word' id='word_1_449' title='bbox 1151 4025 1243 4065; x_wconf 83' lang='lat' dir='ltr'>remo·</span> 
     </span>
    </p>

    <p class='ocr_par' dir='ltr' id='par_1_6' title="bbox 120 4074 1069 4146">
     <span class='ocr_line' id='line_1_47' title="bbox 120 4074 1069 4146; baseline 0.002 -14"><span class='ocrx_word' id='word_1_450' title='bbox 120 4076 212 4133; x_wconf 81' lang='lat' dir='ltr'>roodo</span> <span class='ocrx_word' id='word_1_451' title='bbox 232 4074 248 4131; x_wconf 79' lang='grc' dir='ltr'>ὸ</span> <span class='ocrx_word' id='word_1_452' title='bbox 267 4075 463 4144; x_wconf 83' lang='lat' dir='ltr'>pleonastieo,</span> <span class='ocrx_word' id='word_1_453' title='bbox 484 4078 608 4135; x_wconf 83' lang='lat' dir='ltr'>essendo</span> <span class='ocrx_word' id='word_1_454' title='bbox 628 4076 679 4146; x_wconf 73' lang='lat' dir='ltr'>git</span> <span class='ocrx_word' id='word_1_455' title='bbox 699 4082 860 4137; x_wconf 90' lang='lat' dir='ltr'>eontenuto</span> <span class='ocrx_word' id='word_1_456' title='bbox 880 4080 912 4136; x_wconf 88' lang='lat' dir='ltr'>in</span> <span class='ocrx_word' id='word_1_457' title='bbox 932 4080 1069 4137; x_wconf 78' lang='lat' dir='ltr'>ltoceitot.</span> 
     </span>
    </p>
   </div>
   <div class='ocr_carea' id='block_1_5' title="bbox 177 4179 616 4236">
    <p class='ocr_par' dir='ltr' id='par_1_7' title="bbox 177 4179 616 4236">
     <span class='ocr_line' id='line_1_48' title="bbox 177 4179 616 4236; baseline 0.007 -5"><span class='ocrx_word' id='word_1_458' title='bbox 177 4179 326 4232; x_wconf 81' lang='lat' dir='ltr'>Lucnumo.</span> <span class='ocrx_word' id='word_1_459' title='bbox 344 4180 384 4233; x_wconf 86' lang='lat' dir='ltr'>De</span> <span class='ocrx_word' id='word_1_460' title='bbox 399 4198 490 4235; x_wconf 76' lang='lat' dir='ltr'>rerum</span> <span class='ocrx_word' id='word_1_461' title='bbox 507 4189 616 4236; x_wconf 65' lang='grc' dir='ltr'>παίωνα,</span> 
     </span>
    </p>
   </div>
   <div class='ocr_carea' id='block_1_6' title="bbox 0 0 1599 4698">
    <p class='ocr_par' dir='ltr' id='par_1_8' title="bbox 0 0 1599 4698">
     <span class='ocr_line' id='line_1_49' title="bbox 0 0 1599 4698; baseline 0 0"><span class='ocrx_word' id='word_1_462' title='bbox 0 0 1599 4698; x_wconf 95' lang='lat' dir='ltr'> </span> 
     </span>
    </p>
   </div>
  </div>
 </body>
</html>
