3176 4698
359 193 424 264 rso
673 193 738 266 nu
761 135 936 270 nuncu
958 197 1168 272 rnrunn

380 358 440 407 seu
464 359 547 408 casu
569 361 630 410 scu
653 338 699 424 vi,
724 340 816 431 quod
840 341 890 414 sic
913 349 1041 415 natura
1065 353 1229 434 parasset,

380 441 415 506 ot
439 434 565 525 quibus
588 461 606 509 e
630 438 739 528 portis
763 441 898 513 occurri
922 443 1045 533 cuique
1069 443 1216 534 decoret,

379 540 413 605 et
436 558 546 624 genus
570 534 763 609 humanum
785 538 918 612 frustra
941 539 1144 631 piorumque
1168 544 1341 633 probavit

380 631 517 706 volucre
541 657 704 707 curarum
729 636 840 711 tristis
863 638 899 711 in
924 646 1060 729 pectore
1083 639 1220 715 fluctus.

322 749 356 805 35
380 757 461 804 nam
485 732 594 806 veluti
617 734 915 826 pucri‘trcpidant
938 745 1043 829 atquc
1068 740 1186 812 omnia
1209 742 1325 815 coccis

380 831 417 903 in
441 831 591 905 tenebris
614 840 785 922 metuunt,
809 835 859 908 sic
882 861 944 910 nos
967 837 1005 909 in
1028 837 1105 910 lucc
1127 838 1290 912 timemus

379 931 565 1019 interdum,
590 932 662 1005 nilo
685 957 775 1024 quae
798 942 879 1008 sunt
904 937 1089 1009 metuenda
1112 938 1227 1028 magis
1250 964 1369 1028 quam

380 1055 469 1124 quae
492 1031 592 1121 puori
614 1032 652 1105 in
674 1034 825 1106 tcncbris
848 1035 1010 1125 pavitant
1032 1036 1237 1128 finguntque
1260 1037 1411 1110 futura.

379 1129 472 1203 hunc
494 1130 605 1221 igitur
628 1139 794 1204 torrorem
818 1134 928 1206 animi
951 1135 1179 1226 tenebrasque
1202 1144 1389 1210 necessest

321 1242 357 1298 40
379 1254 448 1302 non
472 1229 562 1301 rodii
586 1229 668 1303 solis
692 1254 756 1303 nec
779 1232 896 1306 lucida
919 1233 989 1306 tola
1012 1233 1081 1305 diei

379 1328 579 1417 discutiant,
604 1329 662 1402 scd
686 1338 833 1404 naturae
857 1333 986 1422 species
1009 1332 1178 1424 ratioque.

380 1452 447 1519 quo
471 1429 584 1519 magis
607 1428 782 1520 inceptum
807 1455 951 1521 pergam
975 1438 1152 1522 pertexere
1176 1431 1288 1521 dictis,

423 1525 470 1598 Et
494 1527 656 1616 quoniam
679 1528 781 1601 docui
805 1530 925 1603 mundi
949 1530 1111 1604 mortalia
1134 1532 1263 1622 templa

358 1720 570 1732 m—

357 1827 406 1885 dal
426 1831 533 1898 guasto
552 1831 647 1886 stesso
667 1828 851 1898 dell'cnimo‚
876 1846 929 1886 son
949 1827 1083 1900 perenni,
1111 1847 1142 1886 se
1167 1829 1287 1888 l'anirno
1307 1835 1411 1891 stesso
1434 1850 1496 1890 non

357 1901 504 1969 guarisce.
523 1900 625 1958 Intoso
643 1899 697 1969 cio,
717 1899 824 1958 risulta
839 1900 997 1958 iufondatc
1014 1901 1043 1957 lc
1056 1904 1198 1970 proposta
1211 1901 1240 1959 di
1253 1901 1390 1972 Woltjer
1408 1905 1443 1972 (Ι.
1458 1906 1496 1971 c.)

356 1974 391 2031 29
407 1973 515 2044 quodve
530 1973 622 2030 cccli.
634 2014 640 2027 .
652 2016 658 2029 .
672 1974 707 2029 30
722 1991 778 2044 quc
794 1974 827 2030 iol
838 1973 920 2044 fieret
931 2018 936 2029 .
948 2014 972 2030 ..
988 1971 1000 1997 ‘⁶
1015 1971 1125 2041 perche
1141 1973 1280 2043 Epicuro,
1296 1974 1375 2046 dice,
1388 1995 1495 2034 avesa

357 2043 396 2101 dc
411 2062 532 2113 esporre
547 2044 569 2101 il
587 2062 699 2102 sommo
715 2045 792 2101 benc
808 2045 857 2114 pel
870 2043 996 2113 filosofo,
1012 2061 1072 2102 non
1087 2044 1098 2101 i
1113 2045 1184 2102 moli
1200 2046 1326 2110 comuni,
1343 2065 1409 2106 ecc.
1428 2093 1461 2118 „‚
1477 2066 1493 2103 c

357 2116 456 2173 l’cltra
476 2115 523 2174 del
543 2115 627 2174 Polle
647 2116 739 2183 (Pto.
758 2117 804 2183 25)
824 2116 853 2174 di
873 2115 1023 2174 cancellar
1043 2134 1125 2174 come
1144 2117 1229 2187 spuri
1247 2118 1289 2175 29.
1306 2119 1350 2190 30,
1372 2117 1492 2188 perche

356 2190 385 2255 (c
404 2192 491 2258 parte
511 2187 588 2245 altre
608 2188 806 2257 sottigliezzc)
827 2189 839 2216 ‘⁴
857 2188 1002 2246 Lucrczio
1021 2207 1082 2246 non
1101 2207 1198 2246 cvera
1213 2189 1303 2246 alcun
1323 2192 1445 2250 motivo
1460 2190 1489 2247 dr'

356 2279 532 2330 accennare,
551 2261 582 2318 in
601 2280 642 2317 un
661 2259 758 2328 elogio
778 2259 807 2317 di
826 2260 965 2329 Epicuro,
985 2259 1014 2316 ai
1033 2260 1104 2318 mali
1124 2260 1264 2323 naturali,
1284 2280 1299 2319 e
1316 2264 1349 2319 31
1372 2270 1401 2321 et
1422 2265 1490 2335 qui-

357 2333 411 2391 bus
430 2337 485 2391 cto.
504 2333 587 2390 vieta
606 2332 635 2389 di
654 2350 781 2402 pensare
806 2351 825 2389 c
844 2332 914 2388 mali
936 2333 1078 2403 naturali,
1103 2352 1161 2390 non
1190 2332 1307 2390 avendo
1332 2335 1487 2394 Lucrezio

356 2405 419 2462 dati
439 2404 564 2474 consigii
583 2411 686 2462 contro
707 2404 814 2473 questi.
831 2448 843 2472 „
866 2405 915 2461 Ma
935 2404 956 2460 li
976 2404 1015 2460 hc
1035 2403 1098 2461 doti
1116 2404 1262 2474 Epicuro!
1285 2406 1373 2464 Basti
1392 2410 1487 2466 ricor-

276 2503 284 2516 ·
356 2476 428 2534 dare
447 2477 468 2533 il
486 2477 578 2534 citato
598 2477 687 2545 luogo
707 2475 754 2533 dcl
774 2476 789 2532 I
808 2477 843 2533 do
862 2476 999 2533 Finibus.
1075 2506 1108 2515 -
1127 2477 1170 2533 31.
1194 2488 1245 2534 seu
1272 2496 1343 2535 costr
1371 2497 1426 2538 seu
1447 2482 1485 2547 ci,

357 2567 412 2607 con
433 2567 499 2606 mss.
518 2549 626 2606 Munro
639 2549 719 2617 Brg.‚
740 2551 854 2605 mutato
875 2547 913 2605 dc
931 2548 1053 2605 Loohm.
1071 2548 1187 2616 (Bern.)
1201 2548 1230 2604 in
1250 2567 1301 2606 scu
1321 2568 1416 2609 causa
1433 2569 1486 2609 seu

356 2624 387 2678 ci
404 2618 512 2690 perche
532 2618 638 2678 “recte
651 2619 729 2677 docti
743 2620 914 2677 naturalem
926 2638 1027 2677 caston
1039 2620 1156 2677 nullum
1169 2637 1233 2677 esse
1247 2619 1365 2679 dicunt:
1383 2638 1483 2692 neque

356 2710 443 2750 casus
462 2691 626 2749 secundnm
644 2691 806 2760 Epicurum
828 2711 846 2749 a
866 2698 976 2749 natura
995 2691 1131 2762 differt„
1150 2692 1338 2751 Astruseriei
1353 2695 1381 2752 11
1395 2713 1485 2753 casus

356 2768 386 2826 (o
405 2763 543 2836 fortuna)
562 2783 622 2822 non
641 2762 657 2821 e
677 2771 770 2833 punto
794 2764 910 2822 escluso
927 2763 975 2820 dal
1000 2770 1136 2822 concetto
1162 2763 1312 2835 epicureo,
1337 2766 1382 2822 sia
1406 2785 1484 2837 pure

356 2836 395 2893 dc
416 2835 570 2893 intendere
589 2836 725 2894 insenso
744 2836 872 2894 relativo
892 2835 953 2902 (nel
973 2835 1044 2904 qual
1064 2853 1151 2895 senso
1169 2836 1198 2893 lo
1217 2835 1277 2904 puo
1300 2844 1481 2897 ammettero

356 2908 452 2966 anche
472 2907 492 2964 il
512 2907 564 2977 pic
583 2909 716 2977 rigoroso
736 2907 944 2965 deterministo
973 2941 1008 2949 -
1030 2907 1076 2966 cio
1095 2908 1150 2965 che
1169 2907 1299 2977 Epicuro
1324 2926 1385 2967 non
1406 2911 1483 2978 erc).

356 2979 500 3038 Lucrczio
519 2978 670 3048 distingue
689 2981 740 3049 qui
760 2980 831 3038 mali
857 2979 1046 3049 accidentali,
1075 2998 1157 3038 come
1181 2997 1212 3037 se
1238 2984 1272 3037 tu
1298 2980 1399 3038 coschi
1418 3001 1436 3040 c
1457 2982 1480 3039 ti

356 3053 531 3182 3ῗέιῖῑηῖἓὲ
544 3050 1483 3195 scrinincursetur}ntutrtrrttttt

355 3197 466 3254 Invece
485 3214 576 3253 cocco
596 3215 611 3254 c
631 3201 676 3255 cis
695 3197 857 3254 sarebbero
877 3194 934 3253 duc
955 3195 1077 3264 pcrfetti
1097 3195 1244 3262 sinonimi‚
1262 3195 1481 3264 inopportuna-

355 3281 455 3326 mente
475 3267 598 3326 distinti.
618 3269 723 3333 Ancho
741 3267 761 3325 il
776 3268 884 3325 Munro
904 3286 964 3325 non
983 3268 1184 3336 giustamcnte
1206 3266 1330 3325 intende
1351 3268 1383 3325 in
1408 3287 1481 3327 csso

356 3344 422 3397 eci
439 3338 497 3397 duc
516 3342 696 3409 espressicni
716 3358 770 3408 per
789 3340 819 3396 lc
837 3338 999 3396 medesirna
1019 3357 1096 3396 coss.
1122 3339 1232 3397 Invece
1252 3339 1312 3396 cita
1337 3348 1482 3409 opportu-

357 3415 498 3469 namente
523 3411 681 3470 dall'Auct.
702 3412 740 3469 ad
759 3411 892 3468 Herenn.
912 3430 928 3468 e
948 3411 986 3468 du
1005 3410 1065 3469 oie.
1085 3428 1156 3467 cocu
1176 3418 1202 3468 et
1220 3418 1343 3480 notura,
1362 3418 1479 3469 notura

357 3501 492 3554 casuque,
511 3482 915 3541 un’endiadiznotroulc'c
943 3501 1037 3540 ocsus.
1112 3512 1142 3522 -
1170 3481 1218 3539 34.
1247 3482 1299 3539 cfr.
1333 3485 1402 3540 740
1430 3484 1480 3541 ΙΙΙ

355 3558 417 3614 298.
491 3584 523 3593 -
539 3554 635 3612 ers-41.
658 3557 782 3613 Intorno
807 3573 825 3611 a
845 3556 943 3622 questi
965 3556 1054 3623 versi,
1070 3554 1125 3611 cho
1145 3554 1234 3637 credo
1253 3555 1350 3612 scritti
1371 3555 1480 3623 prima·

356 3633 455 3686 mente
476 3628 536 3697 qui,
562 3627 629 3684 redi
649 3627 679 3685 lc
698 3632 769 3685 nota
788 3626 907 3684 intorno
926 3626 956 3683 ai
976 3626 1108 3696 proemio
1128 3624 1176 3683 del
1195 3624 1300 3684 libroI
1320 3645 1336 3684 e
1355 3626 1385 3685 lc
1405 3632 1479 3685 nota

357 3700 487 3757 a1154.
559 3728 594 3738 -
612 3698 658 3756 42.
677 3699 731 3757 cfr.
750 3698 765 3755 I
784 3699 844 3755 418.

426 3769 518 3827 sc-cs.
538 3771 674 3828 Enunoia
693 3770 889 3840 l’crgomento
908 3769 955 3828 dei
975 3770 1060 3840 libro,
1080 3770 1198 3827 alrnono
1216 3769 1246 3826 lc
1266 3777 1352 3839 parte
1369 3774 1477 3829 meteo-

355 3843 501 3970 clololgicic,⁸
515 3842 725 3901 incestandori
744 3842 772 3901 le
791 3845 932 3901 consuete
952 3841 1187 3901 considerazioni
1207 3850 1310 3901 contro
1329 3842 1350 3899 il
1370 3844 1476 3901 timore

376 3933 436 3983 sgr
476 3933 511 3973 cr·
958 3956 967 3977 .

426 3983 524 4040 rer-46.
543 3983 655 4043 Poiche
671 3986 709 4044 ho
729 3986 905 4044 dimostrato
922 3986 976 4043 ohe
996 3987 1016 4043 il
1037 3985 1111 4045 ciclo
1132 3983 1293 4044 odenato
1314 3984 1382 4043 cde
1402 4004 1475 4044 mor-

357 4058 433 4126 tale,
461 4076 477 4115 e
506 4058 545 4115 lro
564 4057 701 4126 spiegato
729 4059 759 4115 lc
788 4057 923 4126 maggior
954 4063 1041 4126 porte
1069 4058 1118 4115 dei
1148 4057 1298 4115 fcnomeni
1328 4056 1406 4123 (cios
1434 4058 1473 4126 gli

357 4128 558 4199 astronomici)
586 4128 641 4187 ohe
665 4129 696 4186 in
724 4147 789 4189 csso
817 4147 1004 4197 crrengono,
1023 4147 1077 4188 ora
1102 4127 1229 4187 trottero
1249 4128 1278 4185 di
1306 4128 1399 4197 quelli
1422 4130 1474 4187 che
1565 4148 1567 4163 ¹
