3102 4692
371 161 524 237 LIBER
546 162 605 236 111
627 164 774 237 sat-909
797 165 944 238 alt-aaa
1158 168 1222 240 115

103 301 190 375 iilud
214 303 259 376 ab
284 301 355 377 hoc
379 304 492 395 igitur
516 306 750 398 quaerendum
773 315 834 395 est,
859 306 943 398 quid
966 307 1012 380 sit
1036 308 1148 381 amari

105 408 204 477 tanto
228 426 346 495 opere,
372 404 419 477 ad
443 428 603 478 somnum
627 406 656 480 si
680 429 734 478 res
758 405 848 478 redit
871 414 976 497 atque
1000 406 1160 498 quietem,

37 514 86 571 999
108 522 168 574 eur
191 502 385 594 quisquam
411 511 550 577 aeterno
575 504 682 596 possit
706 504 881 577 tabescere
904 503 1011 578 luctu.

38 613 86 669 919
108 623 170 673 999
193 599 262 674 sibi
286 600 382 673 enim
407 601 589 693 quisquam
615 609 688 675 tum
712 625 747 675 se
771 602 950 694 vitamque
973 602 1129 694 requirit,

110 700 349 791 compariter
373 724 470 775 mens
494 708 528 774 ct
552 725 675 792 corpus
698 701 811 792 sopita
833 701 1034 793 quiescunt:

111 822 192 871 nem
216 798 299 872 licet
323 806 502 872 aeternum
527 824 587 890 per
609 822 671 873 nos
695 799 745 873 sic
768 823 841 873 esse
864 823 1032 892 soporem,

40 901 92 957 ato
112 921 172 970 nec
196 897 408 971 desiderium
432 898 542 972 nostri
566 923 628 972 nos
654 897 772 971 adiicit
795 897 923 973 ullum:

112 1003 146 1068 ct
168 1003 289 1069 tamen
313 995 607 1089 haudquaquam
631 1005 766 1070 nostros
790 1005 873 1071 tunc
898 996 960 1070 1119
982 1022 1042 1089 per
1065 1004 1162 1071 artus

113 1093 215 1185 longe
240 1095 285 1168 ab
310 1094 485 1168 sensiferis
509 1095 700 1186 primordia
725 1096 874 1170 motibus
898 1105 1026 1186 errant,

112 1218 191 1267 eum
216 1202 396 1285 correptus
418 1194 521 1269 homo
544 1219 588 1268 ex
611 1219 730 1269 somno
754 1219 788 1269 se
813 1195 955 1286 colligat
979 1197 1061 1287 ipse.

112 1292 222 1365 multo
246 1292 357 1383 igitur
380 1301 527 1367 mortem
551 1293 666 1368 minus
689 1293 735 1367 ad
758 1317 820 1367 nos
843 1318 915 1367 esse
940 1293 1177 1385 putandumst,

40 1390 283 1465 trasimirus
307 1415 380 1465 esse
405 1399 515 1483 potest
539 1416 644 1483 quam
668 1391 759 1484 quod
783 1392 834 1465 nil
858 1415 931 1466 esse
955 1392 1130 1467 videmus:

112 1488 223 1563 maior
247 1488 339 1562 enim
363 1490 486 1563 turbae
510 1489 676 1564 disiectus
700 1489 862 1563 materiai

89 1786 236 1858 persuade
257 1791 361 1847 contro
380 1786 411 1845 19
430 1786 628 1846 attestatione
647 1786 677 1845 di
695 1786 802 1847 Nonio.
821 1787 982 1857 L’ingreta
1000 1805 1151 1857 sequente
1167 1788 1216 1846 dei

89 1861 145 1919 dae
165 1864 179 1919 i
197 1859 344 1930 potrebbe
364 1859 460 1918 anche
486 1877 559 1918 aver
577 1863 742 1928 provocata
765 1862 795 1918 19
821 1860 918 1918 forma
944 1860 1032 1930 aines.
1052 1879 1105 1929 per
1130 1859 1216 1932 99991.

89 1931 216 1991 1999999
235 1930 357 2002 dunque
377 1929 555 2016 cinefactum
575 1949 630 1989 con
654 1930 763 2007 Nonio,
787 1950 847 1990 non
866 1949 955 1990 senza
975 1950 1036 1989 una
1055 1932 1216 1990 99999199-

90 2005 215 2073 ghezza:
239 2002 384 2061 “mentre
404 2021 447 2062 999
467 2002 545 2062 19999
565 2021 673 2061 cenerc
687 2025 719 2074 „3
737 2021 753 2063 e
772 2003 794 2061 11
808 2021 910 2076 prope,
929 2022 985 2062 oon
1003 2002 1121 2074 Munro,
1133 2020 1216 2062 come

89 2094 155 2134 999.
175 2078 190 2105 “
207 2074 316 2133 stando
340 2074 430 2133 vicini
447 2116 476 2143 „,
503 2092 585 2134 come
602 2075 655 2141 VI,
674 2078 735 2133 403.
755 2078 817 2147 ipae
840 2079 874 2134 in
899 2094 950 2134 999
973 2081 1034 2134 tam
1059 2075 1217 2145 descendit,

84 2166 176 2220 prope
195 2153 228 2206 at
248 2147 318 2205 9999
338 2147 393 2205 9919
409 2147 581 2206 determinet
600 2146 699 2206 ictas?
718 2147 743 2204 11
763 2146 870 2219 deflere
892 2147 1019 2205 avviene
1040 2146 1167 2205 durante
1187 2146 1216 2204 19

87 2219 275 2278 crematione
296 2218 363 2288 (919.
379 2218 449 2277 Tac.
465 2218 547 2277 dnn.
563 2218 639 2278 XVI
654 2220 686 2277 13
701 2221 754 2290 aui
765 2220 835 2277 dam
848 2219 995 2291 adsident,
1013 2219 1083 2278 9999
1098 2217 1216 2291 deflent,

86 2310 171 2363 saepe
182 2291 281 2351 eodem
290 2308 361 2362 tono
371 2290 719 2361 ct·emabantat);queste
729 2290 832 2360 parole
843 2291 872 2349 di
882 2291 1015 2349 lamento
1024 2308 1078 2348 son
1089 2308 1216 2360 pronun·

86 2363 164 2421 91999
175 2361 253 2432 dopo
264 2363 295 2421 19
305 2362 490 2421 crematione
501 2381 517 2421 9
529 2360 547 2419 l’
555 2363 732 2432 assidentum,
742 2362 771 2420 91
781 2370 929 2421 momento
937 2362 1016 2421 delle
1027 2362 1216 2431 depositione

87 2434 166 2493 99119
179 2434 297 2505 tomba3
310 2432 412 2502 quindi
424 2432 445 2492 il
458 2433 590 2504 perietto
601 2434 777 2505 deflectentes.
787 2435 813 2492 Il
826 2438 912 2493 tener
925 2436 1012 2493 Lucr.
1027 2433 1087 2492 cosi
1100 2433 1216 2493 distinti

86 2508 94 2564 i
114 2506 174 2565 due
195 2507 338 2564 momenti
357 2504 416 2576 pub
436 2505 634 2564 considerarsi
653 2524 735 2564 come
749 2523 841 2575 tegno
856 2506 911 2565 che
923 2507 1027 2575 parole
1041 2505 1071 2563 di
1084 2505 1215 2565 lamento

85 2596 101 2637 e
121 2576 248 2636 d'addio
267 2577 297 2636 ai
317 2584 414 2637 morto
433 2595 492 2636 non
513 2578 537 2635 si
557 2578 803 2647 pronunciavano
823 2577 951 2636 durante
971 2577 1001 2636 la
1020 2578 1215 2648 crematione,

85 2668 133 2707 999
152 2648 241 2718 dopo.
315 2678 349 2690 -
366 2649 432 2707 aot.
447 2648 762 2717 9999999999999919
803 2649 1000 2708 recisamenta
1013 2650 1073 2709 9119
1086 2667 1215 2719 persona

84 2721 145 2780 9119
164 2721 256 2792 quale
276 2719 458 2805 9999999991
472 2720 653 2804 pronunciat
667 2668 869 2790 quest’uitimo
883 2722 960 2780 vate.
1034 2749 1067 2762 —
1086 2719 1155 2779 tos,
1167 2739 1216 2779 999

84 2794 163 2851 redit
185 2792 244 2852 “la
264 2810 333 2851 cosa
352 2791 509 2862 s1r1duce,
528 2793 643 2851 rimone
657 2832 685 2860 „‚
712 2810 794 2852 come
813 2792 965 2852 hereditas
984 2793 1024 2852 99
1042 2812 1085 2851 me
1103 2794 1215 2866 redit't;

84 2872 116 2922 nt
128 2866 169 2924 ad
179 2881 279 2937 pauca
292 2865 411 2923 redeam
424 2865 489 2934 (per
502 2864 576 2921 strin
601 2882 651 2924 ere
664 2865 694 2921 in
708 2864 802 2933 poche
815 2864 933 2934 parole)
940 2881 949 2935 ς
969 2868 1002 2923 99
1016 2883 1080 2924 eum
1093 2867 1155 2923 iam
1167 2882 1215 2923 nea

84 2937 176 2995 rediit
196 2938 300 3005 locam,
318 2941 351 2994 at
370 2938 410 2994 sit
429 2954 541 2994 necesse
560 2883 638 3005 1199.
655 2935 763 2995 119999.
783 2938 800 2993 2
819 2938 929 3001 31181·
950 2938 1028 3009 qaod
1042 2940 1071 2995 99
1084 2954 1115 2996 99
1133 2955 1214 2995 meae

83 3007 226 3080 fortunae
245 3007 371 3066 redeant
390 3005 441 3065 aba
461 3012 488 3066 ie
505 3012 538 3065 at
556 3008 714 3066 9999991999·
731 3008 812 3077 (Τ99.
830 3012 838 3065 1
855 2981 951 3078 derb
970 3008 1094 3067 redeant
1114 3010 1214 3068 ottrnia

84 3079 172 3139 acrba
192 3078 347 3145 9991199.
366 3078 446 3138 Ean.
466 3080 514 3136 12
534 3081 579 3147 78)
598 3080 676 3137 redit
695 3080 919 3140 incommoditas
938 3084 1034 3139 amnia
1053 3080 1108 3137 999
1134 3078 1213 3149 (Ter.

84 3150 285 3221 91993339).
339 3150 672 3210 -1199999999991199,
686 3169 704 3208 9
717 3157 869 3210 aeternam
881 3152 943 3211 905.
999 3182 1030 3192 -
1047 3151 1114 3210 alt.
1130 3148 1213 3210 “Ohd

84 3222 204 3293 quando
217 3222 312 3282 siamo
326 3220 574 3292 proiondamente
587 3221 809 3281 addormentati
824 3223 888 3292 (919.
903 3222 1123 3295 9999999991
1138 3242 1213 3293 puro

83 3303 152 3372 quel
171 3319 268 3361 sonno
288 3301 450 3367 19999999,
470 3300 525 3360 che
546 3301 594 3359 noi
614 3320 673 3360 non
689 3300 809 3360 abbiam
825 3303 908 3361 nulla
928 3302 960 3361 19
978 3302 1138 3362 contrario.
1152 3341 1167 3371 „
1187 3302 1212 3361 11

83 3375 200 3435 curioso
220 3373 277 3432 che
296 3372 317 3431 il
336 3372 401 3432 Sus.
425 3373 513 3444 (1.9.)
539 3377 625 3431 trove
650 3373 701 3442 qui
727 3373 748 3432 il
769 3391 871 3433 senso:
899 3376 912 3401 ⁸⁴
926 3393 980 3446 per
998 3379 1085 3446 parte
1106 3374 1163 3433 mie
1183 3374 1213 3433 vi

84 3446 213 3506 concedo
235 3444 331 3503 999199
351 3443 405 3503 9199
425 3446 455 3503 19
473 3443 600 3503 mortae
620 3463 661 3503 un
680 3463 773 3504 sonno
794 3450 897 3505 eterno
912 3486 936 3513 „.
1009 3476 1042 3487 -
1062 3464 1212 3519 soporem

83 3518 327 3589 elegentemente
354 3534 403 3574 ma
430 3516 620 3575 inutilmente
648 3520 763 3575 mutato
791 3516 839 3575 dal
869 3518 1005 3587 Bornays
1033 3518 1064 3576 19
1089 3536 1143 3590 pet
1166 3537 1212 3576 ae·

84 3608 151 3650 eom.
244 3618 280 3629 —
300 3586 365 3646 1190.
384 3588 565 3670 desideriam
584 3592 682 3647 999999
700 3588 854 3659 “bisogno
879 3591 959 3649 dolls
983 3595 1086 3649 nostra
1106 3608 1211 3648 consa·

84 3661 254 3732 perolent,
287 3659 434 3719 desiderio
465 3658 506 3727 (di
537 3666 658 3718 tornare
689 3660 762 3730 9119)
794 3667 896 3720 999999
926 3661 1080 3721 coscienta
1112 3679 1211 3731 perso·

84 3733 148 3793 nale
160 3772 189 3802 „.
267 3758 301 3771 -
322 3730 372 3786 121
387 3749 430 3801 eg.
464 3732 620 3800 rimordia,
636 3737 753 3791 nostroe
765 3752 821 3805 per
832 3740 919 3792 artae
932 3736 1078 3799 errantia,
1092 3750 1152 3792 non
1168 3752 1211 3790 er·

84 3812 152 3865 tant
178 3806 265 3876 ionae
292 3801 330 3861 ab
355 3749 463 3870 aeneid
477 3803 612 3888 madidae,
636 3804 689 3861 919.
710 3822 728 3861 9
747 3806 808 3863 899.
903 3835 931 3846 -
953 3804 1018 3860 999.
1039 3810 1211 3888 correptam·

1 3937 2 3940 ,
84 3894 109 3935 t.
125 3880 185 3937 163.
262 3904 297 3915 -
318 3871 384 3932 aaa.
403 3872 539 3934 019099.
559 3874 643 3934 Taso.
665 3875 739 3933 192.
759 3876 827 3935 1199
841 3894 961 3936 9999999
981 3875 1122 3935 99199999
1136 3881 1210 3934 artat

84 3949 218 4017 paralleli
238 3965 294 4018 per
314 3950 419 4032 operto
439 3964 456 4004 9
475 3946 523 4015 pei
542 3946 714 4016 precedenti
726 3949 903 4017 9999999991.
977 3977 1010 3989 -
1023 3946 1090 4006 999.
1106 3945 1210 4005 tardae

84 4020 222 4080 disiectus
240 4021 312 4086 (999.
328 4037 375 4076 aa.
389 4018 433 4086 1.),
453 4014 469 4076 d
489 4018 517 4077 lo
533 4016 691 4077 ebandarsi
712 4019 791 4088 degli
811 4021 902 4078 atomi
924 4022 954 4079 in
970 4020 1087 4089 seguito
1102 4019 1130 4076 al
1143 4036 1210 4087 per·

84 4093 275 4152 turbamenta
295 4093 516 4158 soprarvonuto
537 4090 584 4149 nei
598 4090 661 4149 loro
675 4091 767 4159 moti;.
781 4092 860 4150 ossia
875 4092 897 4150 il
908 4089 1098 4151 confondersi
1113 4089 1209 4160 prima
