<?xml version="1.0" encoding="UTF-8"?>
<!DOCTYPE html PUBLIC "-//W3C//DTD XHTML 1.0 Transitional//EN"
    "http://www.w3.org/TR/xhtml1/DTD/xhtml1-transitional.dtd">
<html xmlns="http://www.w3.org/1999/xhtml" xml:lang="en" lang="en">
 <head>
  <title>
</title>
<meta http-equiv="Content-Type" content="text/html;charset=utf-8" />
  <meta name='ocr-system' content='tesseract 3.04.00' />
  <meta name='ocr-capabilities' content='ocr_page ocr_carea ocr_par ocr_line ocrx_word'/>
</head>
<body>
  <div class='ocr_page' id='page_1' title='image "./tlucreticarider00giusgoog_0418.png"; bbox 0 0 3160 4690; ppageno 0'>
   <div class='ocr_carea' id='block_1_1' title="bbox 362 291 1174 387">
    <p class='ocr_par' dir='ltr' id='par_1_1' title="bbox 362 291 1174 387">
     <span class='ocr_line' id='line_1_1' title="bbox 362 291 1174 387; baseline -0.001 -20"><span class='ocrx_word' id='word_1_1' title='bbox 362 296 425 367; x_wconf 78' lang='lat' dir='ltr'>na</span> <span class='ocrx_word' id='word_1_2' title='bbox 677 291 742 365; x_wconf 82' lang='lat' dir='ltr'>nu</span> <span class='ocrx_word' id='word_1_3' title='bbox 765 291 1174 387; x_wconf 72' lang='lat' dir='ltr'>ausonensem</span> 
     </span>
    </p>
   </div>
   <div class='ocr_carea' id='block_1_2' title="bbox 208 433 1414 2303">
    <p class='ocr_par' dir='ltr' id='par_1_2' title="bbox 383 433 1268 526">
     <span class='ocr_line' id='line_1_2' title="bbox 383 433 1268 526; baseline -0.001 -19"><span class='ocrx_word' id='word_1_4' title='bbox 383 436 604 526; x_wconf 83' lang='lat' dir='ltr'>membraque</span> <span class='ocrx_word' id='word_1_5' title='bbox 628 433 794 506; x_wconf 82' lang='lat' dir='ltr'>deficiunt</span> <span class='ocrx_word' id='word_1_6' title='bbox 817 434 968 525; x_wconf 77' lang='lat' dir='ltr'>fugienti</span> <span class='ocrx_word' id='word_1_7' title='bbox 991 435 1161 526; x_wconf 89' lang='lat' dir='ltr'>languida</span> <span class='ocrx_word' id='word_1_8' title='bbox 1184 435 1268 522; x_wconf 83' lang='lat' dir='ltr'>rita,</span> 
     </span>
    </p>

    <p class='ocr_par' dir='ltr' id='par_1_3' title="bbox 305 532 1348 1004">
     <span class='ocr_line' id='line_1_3' title="bbox 305 532 1216 624; baseline -0.009 -12"><span class='ocrx_word' id='word_1_9' title='bbox 305 554 358 612; x_wconf 80' lang='lat' dir='ltr'>ssa</span> <span class='ocrx_word' id='word_1_10' title='bbox 382 542 456 607; x_wconf 90' lang='lat' dir='ltr'>tum</span> <span class='ocrx_word' id='word_1_11' title='bbox 480 534 617 606; x_wconf 89' lang='lat' dir='ltr'>demum</span> <span class='ocrx_word' id='word_1_12' title='bbox 642 532 757 624; x_wconf 91' lang='lat' dir='ltr'>pueris</span> <span class='ocrx_word' id='word_1_13' title='bbox 780 556 867 605; x_wconf 90' lang='lat' dir='ltr'>aevo</span> <span class='ocrx_word' id='word_1_14' title='bbox 890 533 1034 606; x_wconf 89' lang='lat' dir='ltr'>florente</span> <span class='ocrx_word' id='word_1_15' title='bbox 1057 534 1216 607; x_wconf 90' lang='lat' dir='ltr'>iuventas</span> 
     </span>
     <span class='ocr_line' id='line_1_4' title="bbox 381 630 1153 723; baseline -0.003 -16"><span class='ocrx_word' id='word_1_16' title='bbox 381 633 507 723; x_wconf 84' lang='lat' dir='ltr'>ooeipit</span> <span class='ocrx_word' id='word_1_17' title='bbox 530 640 563 705; x_wconf 88' lang='lat' dir='ltr'>et</span> <span class='ocrx_word' id='word_1_18' title='bbox 587 631 684 704; x_wconf 92' lang='lat' dir='ltr'>molli</span> <span class='ocrx_word' id='word_1_19' title='bbox 706 633 812 704; x_wconf 85' lang='lat' dir='ltr'>vestit</span> <span class='ocrx_word' id='word_1_20' title='bbox 835 630 1003 723; x_wconf 78' lang='lat' dir='ltr'>lanugine</span> <span class='ocrx_word' id='word_1_21' title='bbox 1026 632 1153 721; x_wconf 89' lang='lat' dir='ltr'>malas;</span> 
     </span>
     <span class='ocr_line' id='line_1_5' title="bbox 380 729 1348 821; baseline -0.004 -17"><span class='ocrx_word' id='word_1_22' title='bbox 380 757 423 805; x_wconf 92' lang='lat' dir='ltr'>ne</span> <span class='ocrx_word' id='word_1_23' title='bbox 447 732 536 804; x_wconf 88' lang='lat' dir='ltr'>forte</span> <span class='ocrx_word' id='word_1_24' title='bbox 559 755 604 802; x_wconf 83' lang='lat' dir='ltr'>ex</span> <span class='ocrx_word' id='word_1_25' title='bbox 626 729 765 803; x_wconf 89' lang='lat' dir='ltr'>homine</span> <span class='ocrx_word' id='word_1_26' title='bbox 788 737 821 803; x_wconf 93' lang='lat' dir='ltr'>et</span> <span class='ocrx_word' id='word_1_27' title='bbox 845 731 1001 804; x_wconf 85' lang='lat' dir='ltr'>veterino</span> <span class='ocrx_word' id='word_1_28' title='bbox 1024 730 1155 803; x_wconf 90' lang='lat' dir='ltr'>semine</span> <span class='ocrx_word' id='word_1_29' title='bbox 1182 753 1348 821; x_wconf 87' lang='lat' dir='ltr'>equorum</span> 
     </span>
     <span class='ocr_line' id='line_1_6' title="bbox 381 829 1247 921; baseline -0.005 -17"><span class='ocrx_word' id='word_1_30' title='bbox 381 831 520 905; x_wconf 85' lang='lat' dir='ltr'>eontieri</span> <span class='ocrx_word' id='word_1_31' title='bbox 545 829 665 903; x_wconf 86' lang='lat' dir='ltr'>eredes</span> <span class='ocrx_word' id='word_1_32' title='bbox 689 829 882 903; x_wconf 78' lang='lat' dir='ltr'>Centauros</span> <span class='ocrx_word' id='word_1_33' title='bbox 906 854 1004 921; x_wconf 91' lang='lat' dir='ltr'>posse</span> <span class='ocrx_word' id='word_1_34' title='bbox 1028 853 1140 920; x_wconf 87' lang='lat' dir='ltr'>neque</span> <span class='ocrx_word' id='word_1_35' title='bbox 1163 853 1247 917; x_wconf 85' lang='lat' dir='ltr'>esse,</span> 
     </span>
     <span class='ocr_line' id='line_1_7' title="bbox 381 928 1238 1004; baseline -0.005 0"><span class='ocrx_word' id='word_1_36' title='bbox 381 938 442 1004; x_wconf 90' lang='lat' dir='ltr'>aut</span> <span class='ocrx_word' id='word_1_37' title='bbox 465 930 599 1002; x_wconf 87' lang='lat' dir='ltr'>rabidis</span> <span class='ocrx_word' id='word_1_38' title='bbox 620 929 763 1001; x_wconf 88' lang='lat' dir='ltr'>eanibus</span> <span class='ocrx_word' id='word_1_39' title='bbox 788 930 982 1002; x_wconf 88' lang='lat' dir='ltr'>suooinotas</span> <span class='ocrx_word' id='word_1_40' title='bbox 1006 928 1238 1001; x_wconf 84' lang='lat' dir='ltr'>semimarinis</span> 
     </span>
    </p>

    <p class='ocr_par' dir='ltr' id='par_1_4' title="bbox 304 1026 1362 1501">
     <span class='ocr_line' id='line_1_8' title="bbox 304 1026 1325 1121; baseline -0.007 -16"><span class='ocrx_word' id='word_1_41' title='bbox 304 1052 358 1107; x_wconf 82' lang='lat' dir='ltr'>eoo</span> <span class='ocrx_word' id='word_1_42' title='bbox 381 1030 581 1121; x_wconf 78' lang='lat' dir='ltr'>corporibus</span> <span class='ocrx_word' id='word_1_43' title='bbox 605 1027 748 1117; x_wconf 75' lang='lat' dir='ltr'>Scyllas,</span> <span class='ocrx_word' id='word_1_44' title='bbox 773 1034 945 1100; x_wconf 85' lang='lat' dir='ltr'>et&#39;eetera</span> <span class='ocrx_word' id='word_1_45' title='bbox 968 1027 1010 1100; x_wconf 89' lang='lat' dir='ltr'>de</span> <span class='ocrx_word' id='word_1_46' title='bbox 1034 1050 1159 1117; x_wconf 81' lang='lat' dir='ltr'>genere</span> <span class='ocrx_word' id='word_1_47' title='bbox 1182 1026 1325 1115; x_wconf 90' lang='lat' dir='ltr'>horum,</span> 
     </span>
     <span class='ocr_line' id='line_1_9' title="bbox 381 1125 1281 1218; baseline -0.001 -18"><span class='ocrx_word' id='word_1_48' title='bbox 381 1130 474 1201; x_wconf 88' lang='lat' dir='ltr'>inter</span> <span class='ocrx_word' id='word_1_49' title='bbox 498 1153 534 1200; x_wconf 92' lang='lat' dir='ltr'>se</span> <span class='ocrx_word' id='word_1_50' title='bbox 559 1151 707 1218; x_wconf 92' lang='lat' dir='ltr'>quorum</span> <span class='ocrx_word' id='word_1_51' title='bbox 730 1126 905 1199; x_wconf 80' lang='lat' dir='ltr'>discordia</span> <span class='ocrx_word' id='word_1_52' title='bbox 927 1126 1084 1199; x_wconf 89' lang='lat' dir='ltr'>membra</span> <span class='ocrx_word' id='word_1_53' title='bbox 1107 1125 1281 1215; x_wconf 80' lang='lat' dir='ltr'>ridemus3</span> 
     </span>
     <span class='ocr_line' id='line_1_10' title="bbox 380 1225 1362 1318; baseline -0.001 -19"><span class='ocrx_word' id='word_1_54' title='bbox 380 1251 468 1318; x_wconf 90' lang='lat' dir='ltr'>quae</span> <span class='ocrx_word' id='word_1_55' title='bbox 491 1250 601 1317; x_wconf 83' lang='lat' dir='ltr'>neque</span> <span class='ocrx_word' id='word_1_56' title='bbox 624 1225 809 1298; x_wconf 81' lang='lat' dir='ltr'>florescunt</span> <span class='ocrx_word' id='word_1_57' title='bbox 832 1225 964 1315; x_wconf 88' lang='lat' dir='ltr'>pariter</span> <span class='ocrx_word' id='word_1_58' title='bbox 986 1249 1049 1297; x_wconf 89' lang='lat' dir='ltr'>nee</span> <span class='ocrx_word' id='word_1_59' title='bbox 1072 1225 1198 1298; x_wconf 89' lang='lat' dir='ltr'>robora</span> <span class='ocrx_word' id='word_1_60' title='bbox 1220 1232 1362 1298; x_wconf 91' lang='lat' dir='ltr'>sumunt</span> 
     </span>
     <span class='ocr_line' id='line_1_11' title="bbox 380 1324 1215 1416; baseline -0.002 -19"><span class='ocrx_word' id='word_1_61' title='bbox 380 1325 580 1416; x_wconf 84' lang='lat' dir='ltr'>corporibus</span> <span class='ocrx_word' id='word_1_62' title='bbox 603 1347 713 1414; x_wconf 87' lang='lat' dir='ltr'>neque</span> <span class='ocrx_word' id='word_1_63' title='bbox 737 1324 911 1413; x_wconf 77' lang='lat' dir='ltr'>proiciunt</span> <span class='ocrx_word' id='word_1_64' title='bbox 934 1330 1046 1397; x_wconf 88' lang='lat' dir='ltr'>aetate</span> <span class='ocrx_word' id='word_1_65' title='bbox 1069 1331 1215 1411; x_wconf 83' lang='lat' dir='ltr'>senecta,</span> 
     </span>
     <span class='ocr_line' id='line_1_12' title="bbox 380 1420 1312 1501; baseline 0 -7"><span class='ocrx_word' id='word_1_66' title='bbox 380 1447 443 1495; x_wconf 88' lang='lat' dir='ltr'>nee</span> <span class='ocrx_word' id='word_1_67' title='bbox 466 1422 574 1496; x_wconf 81' lang='lat' dir='ltr'>simili</span> <span class='ocrx_word' id='word_1_68' title='bbox 596 1422 735 1501; x_wconf 83' lang='lat' dir='ltr'>Venere</span> <span class='ocrx_word' id='word_1_69' title='bbox 760 1422 946 1494; x_wconf 81' lang='lat' dir='ltr'>ardescunt</span> <span class='ocrx_word' id='word_1_70' title='bbox 969 1446 1033 1494; x_wconf 85' lang='lat' dir='ltr'>nee</span> <span class='ocrx_word' id='word_1_71' title='bbox 1055 1422 1210 1496; x_wconf 91' lang='lat' dir='ltr'>moribus</span> <span class='ocrx_word' id='word_1_72' title='bbox 1233 1420 1312 1494; x_wconf 91' lang='lat' dir='ltr'>unis</span> 
     </span>
    </p>

    <p class='ocr_par' dir='ltr' id='par_1_5' title="bbox 304 1520 1414 2008">
     <span class='ocr_line' id='line_1_13' title="bbox 304 1520 1380 1611; baseline 0 -20"><span class='ocrx_word' id='word_1_73' title='bbox 304 1535 357 1593; x_wconf 76' lang='grc'>995</span> <span class='ocrx_word' id='word_1_74' title='bbox 381 1521 601 1602; x_wconf 81' lang='lat' dir='ltr'>conveniunt,</span> <span class='ocrx_word' id='word_1_75' title='bbox 624 1544 734 1611; x_wconf 91' lang='lat' dir='ltr'>neque</span> <span class='ocrx_word' id='word_1_76' title='bbox 758 1527 840 1594; x_wconf 88' lang='lat' dir='ltr'>sunt</span> <span class='ocrx_word' id='word_1_77' title='bbox 863 1520 983 1593; x_wconf 87' lang='lat' dir='ltr'>eadem</span> <span class='ocrx_word' id='word_1_78' title='bbox 1008 1521 1159 1593; x_wconf 75' lang='lat' dir='ltr'>iuounrla</span> <span class='ocrx_word' id='word_1_79' title='bbox 1182 1544 1243 1610; x_wconf 90' lang='lat' dir='ltr'>per</span> <span class='ocrx_word' id='word_1_80' title='bbox 1265 1526 1380 1594; x_wconf 89' lang='lat' dir='ltr'>artus:</span> 
     </span>
     <span class='ocr_line' id='line_1_14' title="bbox 379 1618 1261 1712; baseline -0.002 -20"><span class='ocrx_word' id='word_1_81' title='bbox 379 1621 505 1712; x_wconf 89' lang='lat' dir='ltr'>quippe</span> <span class='ocrx_word' id='word_1_82' title='bbox 528 1619 647 1692; x_wconf 88' lang='lat' dir='ltr'>videre</span> <span class='ocrx_word' id='word_1_83' title='bbox 670 1619 751 1692; x_wconf 89' lang='lat' dir='ltr'>lieet</span> <span class='ocrx_word' id='word_1_84' title='bbox 775 1620 998 1710; x_wconf 80' lang='lat' dir='ltr'>pinguescere</span> <span class='ocrx_word' id='word_1_85' title='bbox 1022 1643 1123 1710; x_wconf 84' lang='lat' dir='ltr'>saepe</span> <span class='ocrx_word' id='word_1_86' title='bbox 1148 1618 1261 1691; x_wconf 86' lang='lat' dir='ltr'>oieuta</span> 
     </span>
     <span class='ocr_line' id='line_1_15' title="bbox 379 1717 1414 1809; baseline -0.005 -18"><span class='ocrx_word' id='word_1_87' title='bbox 379 1720 582 1809; x_wconf 88' lang='lat' dir='ltr'>barbigeras</span> <span class='ocrx_word' id='word_1_88' title='bbox 607 1718 762 1807; x_wconf 72' lang='lat' dir='ltr'>mendas,</span> <span class='ocrx_word' id='word_1_89' title='bbox 787 1717 920 1790; x_wconf 90' lang='lat' dir='ltr'>homini</span> <span class='ocrx_word' id='word_1_90' title='bbox 943 1741 1032 1808; x_wconf 88' lang='lat' dir='ltr'>quae</span> <span class='ocrx_word' id='word_1_91' title='bbox 1056 1724 1108 1790; x_wconf 91' lang='lat' dir='ltr'>est</span> <span class='ocrx_word' id='word_1_92' title='bbox 1131 1741 1209 1789; x_wconf 89' lang='lat' dir='ltr'>aere</span> <span class='ocrx_word' id='word_1_93' title='bbox 1233 1724 1414 1790; x_wconf 83' lang='lat' dir='ltr'>venenum.</span> 
     </span>
     <span class='ocr_line' id='line_1_16' title="bbox 380 1814 1404 1913; baseline -0.002 -24"><span class='ocrx_word' id='word_1_94' title='bbox 380 1817 525 1907; x_wconf 73' lang='lat' dir='ltr'>(terrione</span> <span class='ocrx_word' id='word_1_95' title='bbox 547 1817 689 1890; x_wconf 89' lang='lat' dir='ltr'>flamma</span> <span class='ocrx_word' id='word_1_96' title='bbox 713 1817 851 1907; x_wconf 88' lang='lat' dir='ltr'>quidem</span> <span class='ocrx_word' id='word_1_97' title='bbox 873 1842 954 1913; x_wconf 81' lang='lat' dir='ltr'>oum</span> <span class='ocrx_word' id='word_1_98' title='bbox 978 1839 1122 1907; x_wconf 77' lang='lat' dir='ltr'>corpora</span> <span class='ocrx_word' id='word_1_99' title='bbox 1145 1816 1242 1888; x_wconf 85' lang='lat' dir='ltr'>fulva</span> <span class='ocrx_word' id='word_1_100' title='bbox 1265 1814 1404 1889; x_wconf 92' lang='lat' dir='ltr'>leonum</span> 
     </span>
     <span class='ocr_line' id='line_1_17' title="bbox 380 1917 1373 2008; baseline 0 -20"><span class='ocrx_word' id='word_1_101' title='bbox 380 1924 451 1989; x_wconf 88' lang='lat' dir='ltr'>tam</span> <span class='ocrx_word' id='word_1_102' title='bbox 476 1917 584 1989; x_wconf 90' lang='lat' dir='ltr'>soleat</span> <span class='ocrx_word' id='word_1_103' title='bbox 606 1924 736 1989; x_wconf 87' lang='lat' dir='ltr'>torrere</span> <span class='ocrx_word' id='word_1_104' title='bbox 760 1924 864 2008; x_wconf 87' lang='lat' dir='ltr'>atque</span> <span class='ocrx_word' id='word_1_105' title='bbox 888 1941 986 1989; x_wconf 92' lang='lat' dir='ltr'>urere</span> <span class='ocrx_word' id='word_1_106' title='bbox 1009 1940 1115 2008; x_wconf 89' lang='lat' dir='ltr'>quam</span> <span class='ocrx_word' id='word_1_107' title='bbox 1138 1940 1248 2006; x_wconf 92' lang='lat' dir='ltr'>genus</span> <span class='ocrx_word' id='word_1_108' title='bbox 1271 1939 1373 1988; x_wconf 89' lang='lat' dir='ltr'>omne</span> 
     </span>
    </p>

    <p class='ocr_par' dir='ltr' id='par_1_6' title="bbox 208 2016 1368 2106">
     <span class='ocr_line' id='line_1_18' title="bbox 208 2016 1368 2106; baseline 0.003 -22"><span class='ocrx_word' id='word_1_109' title='bbox 208 2072 210 2076; x_wconf 62' lang='grc'>,</span> <span class='ocrx_word' id='word_1_110' title='bbox 303 2030 357 2084; x_wconf 76' lang='lat' dir='ltr'>bor)</span> <span class='ocrx_word' id='word_1_111' title='bbox 380 2016 522 2090; x_wconf 79' lang='lat' dir='ltr'>visceris</span> <span class='ocrx_word' id='word_1_112' title='bbox 545 2016 581 2087; x_wconf 90' lang='lat' dir='ltr'>in</span> <span class='ocrx_word' id='word_1_113' title='bbox 605 2016 707 2088; x_wconf 90' lang='lat' dir='ltr'>terris</span> <span class='ocrx_word' id='word_1_114' title='bbox 731 2016 971 2106; x_wconf 79' lang='lat' dir='ltr'>quodcumque</span> <span class='ocrx_word' id='word_1_115' title='bbox 994 2024 1028 2088; x_wconf 92' lang='lat' dir='ltr'>et</span> <span class='ocrx_word' id='word_1_116' title='bbox 1051 2016 1233 2106; x_wconf 90' lang='lat' dir='ltr'>sanguinis</span> <span class='ocrx_word' id='word_1_117' title='bbox 1256 2022 1368 2103; x_wconf 85' lang='lat' dir='ltr'>extet,</span> 
     </span>
    </p>

    <p class='ocr_par' dir='ltr' id='par_1_7' title="bbox 378 2113 1372 2303">
     <span class='ocr_line' id='line_1_19' title="bbox 380 2113 1272 2205; baseline 0 -20"><span class='ocrx_word' id='word_1_118' title='bbox 380 2115 440 2205; x_wconf 90' lang='lat' dir='ltr'>qui</span> <span class='ocrx_word' id='word_1_119' title='bbox 463 2114 538 2186; x_wconf 88' lang='lat' dir='ltr'>fieri</span> <span class='ocrx_word' id='word_1_120' title='bbox 561 2113 683 2204; x_wconf 89' lang='lat' dir='ltr'>potuit,</span> <span class='ocrx_word' id='word_1_121' title='bbox 707 2113 840 2203; x_wconf 82' lang='lat' dir='ltr'>triplici</span> <span class='ocrx_word' id='word_1_122' title='bbox 863 2138 941 2186; x_wconf 84' lang='lat' dir='ltr'>oum</span> <span class='ocrx_word' id='word_1_123' title='bbox 966 2138 1107 2205; x_wconf 83' lang='lat' dir='ltr'>eorpore</span> <span class='ocrx_word' id='word_1_124' title='bbox 1130 2121 1169 2185; x_wconf 91' lang='lat' dir='ltr'>ut</span> <span class='ocrx_word' id='word_1_125' title='bbox 1192 2138 1272 2204; x_wconf 87' lang='lat' dir='ltr'>una,</span> 
     </span>
     <span class='ocr_line' id='line_1_20' title="bbox 378 2210 1372 2303; baseline 0.001 -20"><span class='ocrx_word' id='word_1_126' title='bbox 378 2213 491 2303; x_wconf 87' lang='lat' dir='ltr'>prima</span> <span class='ocrx_word' id='word_1_127' title='bbox 515 2212 576 2299; x_wconf 87' lang='lat' dir='ltr'>leo,</span> <span class='ocrx_word' id='word_1_128' title='bbox 603 2219 774 2302; x_wconf 84' lang='lat' dir='ltr'>postrema</span> <span class='ocrx_word' id='word_1_129' title='bbox 798 2211 913 2303; x_wconf 83' lang='lat' dir='ltr'>draeo,</span> <span class='ocrx_word' id='word_1_130' title='bbox 939 2213 1051 2285; x_wconf 86' lang='lat' dir='ltr'>media</span> <span class='ocrx_word' id='word_1_131' title='bbox 1075 2212 1159 2302; x_wconf 89' lang='lat' dir='ltr'>ipsa,</span> <span class='ocrx_word' id='word_1_132' title='bbox 1185 2210 1372 2284; x_wconf 82' lang='lat' dir='ltr'>Chimaera</span> 
     </span>
    </p>
   </div>
   <div class='ocr_carea' id='block_1_3' title="bbox 353 2492 1481 4288">
    <p class='ocr_par' dir='ltr' id='par_1_8' title="bbox 353 2492 1481 4288">
     <span class='ocr_line' id='line_1_21' title="bbox 356 2492 1480 2565; baseline -0.002 -12"><span class='ocrx_word' id='word_1_133' title='bbox 356 2500 488 2553; x_wconf 76' lang='lat' dir='ltr'>senectia</span> <span class='ocrx_word' id='word_1_134' title='bbox 562 2524 595 2534; x_wconf 95' lang='lat'>-</span> <span class='ocrx_word' id='word_1_135' title='bbox 611 2493 676 2549; x_wconf 73' lang='lat'>885.</span> <span class='ocrx_word' id='word_1_136' title='bbox 692 2497 804 2565; x_wconf 66' lang='lat' dir='ltr'>poeria</span> <span class='ocrx_word' id='word_1_137' title='bbox 823 2492 994 2552; x_wconf 86' lang='lat' dir='ltr'>eorrezione</span> <span class='ocrx_word' id='word_1_138' title='bbox 1013 2493 1123 2558; x_wconf 83' lang='lat' dir='ltr'>antica,</span> <span class='ocrx_word' id='word_1_139' title='bbox 1142 2494 1293 2550; x_wconf 84' lang='lat' dir='ltr'>aeoeitata</span> <span class='ocrx_word' id='word_1_140' title='bbox 1313 2493 1353 2550; x_wconf 89' lang='lat' dir='ltr'>da</span> <span class='ocrx_word' id='word_1_141' title='bbox 1371 2494 1480 2563; x_wconf 85' lang='lat' dir='ltr'>Laeb,</span> 
     </span>
     <span class='ocr_line' id='line_1_22' title="bbox 355 2562 1480 2638; baseline -0.001 -14"><span class='ocrx_word' id='word_1_142' title='bbox 355 2569 460 2631; x_wconf 84' lang='lat' dir='ltr'>Bern,</span> <span class='ocrx_word' id='word_1_143' title='bbox 479 2568 548 2634; x_wconf 80' lang='lat' dir='ltr'>Brg.</span> <span class='ocrx_word' id='word_1_144' title='bbox 568 2585 622 2636; x_wconf 83' lang='lat' dir='ltr'>per</span> <span class='ocrx_word' id='word_1_145' title='bbox 637 2566 771 2638; x_wconf 83' lang='lat' dir='ltr'>puerili;</span> <span class='ocrx_word' id='word_1_146' title='bbox 789 2567 897 2623; x_wconf 89' lang='lat' dir='ltr'>Munro</span> <span class='ocrx_word' id='word_1_147' title='bbox 916 2584 1009 2635; x_wconf 82' lang='lat' dir='ltr'>puero</span> <span class='ocrx_word' id='word_1_148' title='bbox 1028 2565 1086 2624; x_wconf 83' lang='lat' dir='ltr'>iili.</span> <span class='ocrx_word' id='word_1_149' title='bbox 1161 2595 1193 2604; x_wconf 92' lang='lat'>-</span> <span class='ocrx_word' id='word_1_150' title='bbox 1214 2562 1278 2621; x_wconf 78' lang='grc'>886.</span> <span class='ocrx_word' id='word_1_151' title='bbox 1298 2566 1374 2623; x_wconf 82' lang='lat' dir='ltr'>Aen.</span> <span class='ocrx_word' id='word_1_152' title='bbox 1394 2566 1480 2638; x_wconf 86' lang='lat' dir='ltr'>VIII,</span> 
     </span>
     <span class='ocr_line' id='line_1_23' title="bbox 356 2637 1477 2710; baseline -0.001 -14"><span class='ocrx_word' id='word_1_153' title='bbox 356 2642 407 2696; x_wconf 75' lang='lat'>160</span> <span class='ocrx_word' id='word_1_154' title='bbox 427 2639 500 2696; x_wconf 79' lang='lat' dir='ltr'>Tune</span> <span class='ocrx_word' id='word_1_155' title='bbox 519 2639 595 2696; x_wconf 74' lang='lat' dir='ltr'>inibi</span> <span class='ocrx_word' id='word_1_156' title='bbox 611 2643 710 2709; x_wconf 82' lang='lat' dir='ltr'>primo</span> <span class='ocrx_word' id='word_1_157' title='bbox 727 2656 820 2710; x_wconf 77' lang='lat' dir='ltr'>penos</span> <span class='ocrx_word' id='word_1_158' title='bbox 839 2637 962 2695; x_wconf 74' lang='lat' dir='ltr'>vestibat</span> <span class='ocrx_word' id='word_1_159' title='bbox 980 2638 1053 2709; x_wconf 75' lang='lat' dir='ltr'>flore</span> <span class='ocrx_word' id='word_1_160' title='bbox 1072 2640 1202 2696; x_wconf 80' lang='lat' dir='ltr'>iuventa.</span> <span class='ocrx_word' id='word_1_161' title='bbox 1279 2667 1311 2675; x_wconf 90' lang='lat'><em>-</em></span> <span class='ocrx_word' id='word_1_162' title='bbox 1328 2637 1394 2692; x_wconf 92' lang='grc'>888.</span> <span class='ocrx_word' id='word_1_163' title='bbox 1411 2656 1477 2697; x_wconf 82' lang='lat' dir='ltr'>oon-</span> 
     </span>
     <span class='ocr_line' id='line_1_24' title="bbox 355 2707 1481 2781; baseline 0.001 -14"><span class='ocrx_word' id='word_1_164' title='bbox 355 2712 432 2781; x_wconf 76' lang='lat' dir='ltr'>lieri,</span> <span class='ocrx_word' id='word_1_165' title='bbox 448 2711 500 2767; x_wconf 82' lang='lat' dir='ltr'>etr.</span> <span class='ocrx_word' id='word_1_166' title='bbox 512 2710 556 2767; x_wconf 92' lang='lat' dir='ltr'>IV</span> <span class='ocrx_word' id='word_1_167' title='bbox 577 2712 637 2781; x_wconf 76' lang='grc'>736,</span> <span class='ocrx_word' id='word_1_168' title='bbox 653 2730 693 2767; x_wconf 91' lang='lat' dir='ltr'>un</span> <span class='ocrx_word' id='word_1_169' title='bbox 713 2728 801 2779; x_wconf 90' lang='lat' dir='ltr'>passo</span> <span class='ocrx_word' id='word_1_170' title='bbox 820 2709 875 2766; x_wconf 88' lang='lat' dir='ltr'>ehe</span> <span class='ocrx_word' id='word_1_171' title='bbox 895 2707 911 2767; x_wconf 80' lang='lat' dir='ltr'>b</span> <span class='ocrx_word' id='word_1_172' title='bbox 928 2709 967 2767; x_wconf 88' lang='lat' dir='ltr'>da</span> <span class='ocrx_word' id='word_1_173' title='bbox 986 2709 1178 2768; x_wconf 84' lang='lat' dir='ltr'>eontrontare</span> <span class='ocrx_word' id='word_1_174' title='bbox 1191 2709 1287 2768; x_wconf 85' lang='lat' dir='ltr'>auehe</span> <span class='ocrx_word' id='word_1_175' title='bbox 1302 2728 1357 2779; x_wconf 87' lang='lat' dir='ltr'>per</span> <span class='ocrx_word' id='word_1_176' title='bbox 1371 2709 1481 2779; x_wconf 82' lang='lat' dir='ltr'>l’argo·</span> 
     </span>
     <span class='ocr_line' id='line_1_25' title="bbox 354 2780 1476 2854; baseline 0 -15"><span class='ocrx_word' id='word_1_177' title='bbox 354 2787 464 2840; x_wconf 86' lang='lat' dir='ltr'>mento.</span> <span class='ocrx_word' id='word_1_178' title='bbox 537 2811 572 2821; x_wconf 90' lang='lat'><em>-</em></span> <span class='ocrx_word' id='word_1_179' title='bbox 586 2782 598 2807; x_wconf 78' lang='lat'>‘⁴</span> <span class='ocrx_word' id='word_1_180' title='bbox 611 2783 743 2854; x_wconf 73' lang='lat' dir='ltr'>confieri,</span> <span class='ocrx_word' id='word_1_181' title='bbox 761 2800 840 2853; x_wconf 82' lang='lat' dir='ltr'>esee‚·</span> <span class='ocrx_word' id='word_1_182' title='bbox 858 2781 945 2839; x_wconf 83' lang='lat' dir='ltr'>Luer.</span> <span class='ocrx_word' id='word_1_183' title='bbox 964 2799 1032 2838; x_wconf 85' lang='lat' dir='ltr'>ama</span> <span class='ocrx_word' id='word_1_184' title='bbox 1052 2780 1082 2839; x_wconf 89' lang='lat' dir='ltr'>di</span> <span class='ocrx_word' id='word_1_185' title='bbox 1101 2787 1207 2849; x_wconf 81' lang='lat' dir='ltr'>queste</span> <span class='ocrx_word' id='word_1_186' title='bbox 1221 2782 1339 2841; x_wconf 89' lang='lat' dir='ltr'>unioni:</span> <span class='ocrx_word' id='word_1_187' title='bbox 1354 2782 1410 2839; x_wconf 89' lang='lat' dir='ltr'>III.</span> <span class='ocrx_word' id='word_1_188' title='bbox 1426 2785 1476 2839; x_wconf 92' lang='grc'>787</span> 
     </span>
     <span class='ocr_line' id='line_1_26' title="bbox 356 2856 1478 2926; baseline 0 -14"><span class='ocrx_word' id='word_1_189' title='bbox 356 2861 467 2912; x_wconf 76' lang='lat' dir='ltr'>creseat</span> <span class='ocrx_word' id='word_1_190' title='bbox 487 2859 513 2911; x_wconf 87' lang='lat' dir='ltr'>et</span> <span class='ocrx_word' id='word_1_191' title='bbox 541 2856 632 2925; x_wconf 85' lang='lat' dir='ltr'>insit;</span> <span class='ocrx_word' id='word_1_192' title='bbox 651 2857 703 2911; x_wconf 91' lang='grc'>788</span> <span class='ocrx_word' id='word_1_193' title='bbox 722 2857 808 2921; x_wconf 83' lang='lat' dir='ltr'>oriri,</span> <span class='ocrx_word' id='word_1_194' title='bbox 828 2871 905 2926; x_wconf 81' lang='lat' dir='ltr'>eese,·</span> <span class='ocrx_word' id='word_1_195' title='bbox 925 2856 975 2910; x_wconf 91' lang='grc'>791</span> <span class='ocrx_word' id='word_1_196' title='bbox 1002 2871 1062 2911; x_wconf 80' lang='lat' dir='ltr'>esse</span> <span class='ocrx_word' id='word_1_197' title='bbox 1090 2856 1205 2925; x_wconf 84' lang='lat' dir='ltr'>inasoi;</span> <span class='ocrx_word' id='word_1_198' title='bbox 1225 2857 1277 2912; x_wconf 80' lang='grc'>795</span> <span class='ocrx_word' id='word_1_199' title='bbox 1292 2871 1353 2924; x_wconf 81' lang='lat' dir='ltr'>esee</span> <span class='ocrx_word' id='word_1_200' title='bbox 1373 2860 1399 2911; x_wconf 90' lang='lat' dir='ltr'>et</span> <span class='ocrx_word' id='word_1_201' title='bbox 1418 2873 1478 2912; x_wconf 84' lang='lat' dir='ltr'>ere·</span> 
     </span>
     <span class='ocr_line' id='line_1_27' title="bbox 355 2924 1478 2998; baseline -0.001 -14"><span class='ocrx_word' id='word_1_202' title='bbox 355 2944 449 2997; x_wconf 84' lang='lat' dir='ltr'>seere;</span> <span class='ocrx_word' id='word_1_203' title='bbox 469 2928 519 2983; x_wconf 89' lang='grc'>797</span> <span class='ocrx_word' id='word_1_204' title='bbox 534 2927 646 2983; x_wconf 70' lang='lat' dir='ltr'>dirrare</span> <span class='ocrx_word' id='word_1_205' title='bbox 664 2929 797 2998; x_wconf 70' lang='lat' dir='ltr'>peneque.</span> <span class='ocrx_word' id='word_1_206' title='bbox 814 2971 826 2996; x_wconf 82' lang='lat'>„</span> <span class='ocrx_word' id='word_1_207' title='bbox 848 2926 964 2983; x_wconf 80' lang='lat' dir='ltr'>btuuro.</span> <span class='ocrx_word' id='word_1_208' title='bbox 1039 2954 1071 2965; x_wconf 90' lang='lat'>—</span> <span class='ocrx_word' id='word_1_209' title='bbox 1087 2925 1143 2979; x_wconf 87' lang='grc'>889</span> <span class='ocrx_word' id='word_1_210' title='bbox 1160 2943 1202 2995; x_wconf 85' lang='lat' dir='ltr'>sg.</span> <span class='ocrx_word' id='word_1_211' title='bbox 1221 2924 1233 2949; x_wconf 79' lang='lat'>‘⁴</span> <span class='ocrx_word' id='word_1_212' title='bbox 1249 2943 1266 2983; x_wconf 95' lang='lat' dir='ltr'>o</span> <span class='ocrx_word' id='word_1_213' title='bbox 1281 2925 1309 2984; x_wconf 91' lang='lat' dir='ltr'>le</span> <span class='ocrx_word' id='word_1_214' title='bbox 1323 2924 1412 2984; x_wconf 83' lang='lat' dir='ltr'>Seille</span> <span class='ocrx_word' id='word_1_215' title='bbox 1428 2925 1478 2984; x_wconf 86' lang='lat' dir='ltr'>dai</span> 
     </span>
     <span class='ocr_line' id='line_1_28' title="bbox 355 2996 1479 3068; baseline -0.001 -12"><span class='ocrx_word' id='word_1_216' title='bbox 355 2999 437 3067; x_wconf 85' lang='lat' dir='ltr'>eorpi</span> <span class='ocrx_word' id='word_1_217' title='bbox 447 2997 629 3068; x_wconf 88' lang='lat' dir='ltr'>seminarini‚</span> <span class='ocrx_word' id='word_1_218' title='bbox 642 2998 721 3055; x_wconf 89' lang='lat' dir='ltr'>ointe</span> <span class='ocrx_word' id='word_1_219' title='bbox 734 2998 852 3055; x_wconf 84' lang='lat' dir='ltr'>intorno</span> <span class='ocrx_word' id='word_1_220' title='bbox 866 2997 896 3054; x_wconf 89' lang='lat' dir='ltr'>di</span> <span class='ocrx_word' id='word_1_221' title='bbox 912 2997 1043 3055; x_wconf 87' lang='lat' dir='ltr'>rabbiosi</span> <span class='ocrx_word' id='word_1_222' title='bbox 1054 2996 1130 3054; x_wconf 88' lang='lat' dir='ltr'>eani.</span> <span class='ocrx_word' id='word_1_223' title='bbox 1145 3036 1157 3064; x_wconf 87' lang='lat'><strong>„</strong></span> <span class='ocrx_word' id='word_1_224' title='bbox 1179 2997 1239 3055; x_wconf 78' lang='lat' dir='ltr'>err.</span> <span class='ocrx_word' id='word_1_225' title='bbox 1254 2997 1322 3056; x_wconf 84' lang='lat' dir='ltr'>San.</span> <span class='ocrx_word' id='word_1_226' title='bbox 1335 2997 1412 3056; x_wconf 80' lang='lat' dir='ltr'>Meci.</span> <span class='ocrx_word' id='word_1_227' title='bbox 1426 2999 1479 3056; x_wconf 84' lang='lat'>350</span> 
     </span>
     <span class='ocr_line' id='line_1_29' title="bbox 356 3068 1476 3142; baseline 0 -15"><span class='ocrx_word' id='word_1_228' title='bbox 356 3069 455 3142; x_wconf 78' lang='lat' dir='ltr'>Sicuti</span> <span class='ocrx_word' id='word_1_229' title='bbox 464 3072 548 3139; x_wconf 76' lang='lat' dir='ltr'>sirpo</span> <span class='ocrx_word' id='word_1_230' title='bbox 560 3070 663 3127; x_wconf 79' lang='lat' dir='ltr'>Pelori</span> <span class='ocrx_word' id='word_1_231' title='bbox 674 3070 808 3128; x_wconf 82' lang='lat' dir='ltr'>Rabidos</span> <span class='ocrx_word' id='word_1_232' title='bbox 820 3076 903 3127; x_wconf 81' lang='lat' dir='ltr'>atero</span> <span class='ocrx_word' id='word_1_233' title='bbox 919 3072 1053 3127; x_wconf 80' lang='lat' dir='ltr'>eeeeeiote</span> <span class='ocrx_word' id='word_1_234' title='bbox 1063 3087 1167 3140; x_wconf 85' lang='lat' dir='ltr'>eones;</span> <span class='ocrx_word' id='word_1_235' title='bbox 1179 3068 1233 3127; x_wconf 86' lang='lat' dir='ltr'>Or.</span> <span class='ocrx_word' id='word_1_236' title='bbox 1244 3088 1300 3127; x_wconf 81' lang='lat' dir='ltr'>oni.</span> <span class='ocrx_word' id='word_1_237' title='bbox 1314 3068 1372 3135; x_wconf 84' lang='lat' dir='ltr'>III,</span> <span class='ocrx_word' id='word_1_238' title='bbox 1385 3070 1428 3139; x_wconf 86' lang='lat'>12,</span> <span class='ocrx_word' id='word_1_239' title='bbox 1443 3072 1476 3127; x_wconf 77' lang='lat'>21</span> 
     </span>
     <span class='ocr_line' id='line_1_30' title="bbox 355 3139 1476 3213; baseline 0.001 -14"><span class='ocrx_word' id='word_1_240' title='bbox 355 3142 470 3211; x_wconf 75' lang='lat' dir='ltr'>Sopita.</span> <span class='ocrx_word' id='word_1_241' title='bbox 482 3185 504 3198; x_wconf 91' lang='lat'>..</span> <span class='ocrx_word' id='word_1_242' title='bbox 524 3142 599 3212; x_wconf 76' lang='lat' dir='ltr'>prebe</span> <span class='ocrx_word' id='word_1_243' title='bbox 609 3145 717 3212; x_wconf 82' lang='lat' dir='ltr'>premit</span> <span class='ocrx_word' id='word_1_244' title='bbox 728 3142 852 3200; x_wconf 79' lang='lat' dir='ltr'>rabidos</span> <span class='ocrx_word' id='word_1_245' title='bbox 871 3143 1104 3212; x_wconf 69' lang='lat' dir='ltr'>inguinibusque</span> <span class='ocrx_word' id='word_1_246' title='bbox 1118 3158 1213 3199; x_wconf 80' lang='lat' dir='ltr'>canes.</span> <span class='ocrx_word' id='word_1_247' title='bbox 1270 3171 1302 3179; x_wconf 90' lang='lat'>-</span> <span class='ocrx_word' id='word_1_248' title='bbox 1317 3139 1385 3195; x_wconf 79' lang='grc'>892.</span> <span class='ocrx_word' id='word_1_249' title='bbox 1402 3159 1476 3213; x_wconf 79' lang='lat' dir='ltr'>quoe</span> 
     </span>
     <span class='ocr_line' id='line_1_31' title="bbox 355 3212 1479 3285; baseline 0.003 -17"><span class='ocrx_word' id='word_1_250' title='bbox 355 3231 407 3272; x_wconf 82' lang='lat' dir='ltr'>nee</span> <span class='ocrx_word' id='word_1_251' title='bbox 420 3216 538 3285; x_wconf 77' lang='lat' dir='ltr'>pariter</span> <span class='ocrx_word' id='word_1_252' title='bbox 551 3212 825 3282; x_wconf 81' lang='lat' dir='ltr'>(parallelamente)</span> <span class='ocrx_word' id='word_1_253' title='bbox 843 3213 1012 3282; x_wconf 72' lang='lat' dir='ltr'>florescunt,</span> <span class='ocrx_word' id='word_1_254' title='bbox 1031 3232 1083 3270; x_wconf 81' lang='lat' dir='ltr'>nee</span> <span class='ocrx_word' id='word_1_255' title='bbox 1102 3212 1211 3272; x_wconf 79' lang='lat' dir='ltr'>robora</span> <span class='ocrx_word' id='word_1_256' title='bbox 1221 3216 1344 3285; x_wconf 80' lang='lat' dir='ltr'>pariter</span> <span class='ocrx_word' id='word_1_257' title='bbox 1357 3220 1479 3271; x_wconf 82' lang='lat' dir='ltr'>sumunt</span> 
     </span>
     <span class='ocr_line' id='line_1_32' title="bbox 355 3282 1477 3357; baseline -0.003 -14"><span class='ocrx_word' id='word_1_258' title='bbox 355 3291 408 3343; x_wconf 80' lang='lat' dir='ltr'>aut</span> <span class='ocrx_word' id='word_1_259' title='bbox 417 3288 579 3357; x_wconf 76' lang='lat' dir='ltr'>proiciunt.</span> <span class='ocrx_word' id='word_1_260' title='bbox 654 3315 687 3323; x_wconf 92' lang='lat'>-</span> <span class='ocrx_word' id='word_1_261' title='bbox 698 3283 765 3342; x_wconf 80' lang='grc'>894.</span> <span class='ocrx_word' id='word_1_262' title='bbox 776 3288 856 3351; x_wconf 77' lang='lat' dir='ltr'>ienis,</span> <span class='ocrx_word' id='word_1_263' title='bbox 872 3285 925 3342; x_wconf 84' lang='lat' dir='ltr'>etr.</span> <span class='ocrx_word' id='word_1_264' title='bbox 937 3285 983 3342; x_wconf 93' lang='lat' dir='ltr'>III</span> <span class='ocrx_word' id='word_1_265' title='bbox 997 3287 1058 3342; x_wconf 75' lang='lat'>614.</span> <span class='ocrx_word' id='word_1_266' title='bbox 1121 3315 1156 3324; x_wconf 88' lang='lat'><em>-</em></span> <span class='ocrx_word' id='word_1_267' title='bbox 1168 3285 1234 3343; x_wconf 76' lang='grc'>895.</span> <span class='ocrx_word' id='word_1_268' title='bbox 1250 3282 1263 3309; x_wconf 84' lang='lat'>“</span> <span class='ocrx_word' id='word_1_269' title='bbox 1275 3284 1322 3343; x_wconf 74' lang='lat' dir='ltr'>Ne</span> <span class='ocrx_word' id='word_1_270' title='bbox 1335 3284 1377 3354; x_wconf 82' lang='lat' dir='ltr'>gli</span> <span class='ocrx_word' id='word_1_271' title='bbox 1390 3284 1477 3343; x_wconf 88' lang='lat' dir='ltr'>stessi</span> 
     </span>
     <span class='ocr_line' id='line_1_33' title="bbox 354 3355 1478 3427; baseline -0.001 -13"><span class='ocrx_word' id='word_1_272' title='bbox 354 3357 489 3414; x_wconf 88' lang='lat' dir='ltr'>alimenti</span> <span class='ocrx_word' id='word_1_273' title='bbox 502 3355 649 3413; x_wconf 88' lang='lat' dir='ltr'>entrando</span> <span class='ocrx_word' id='word_1_274' title='bbox 664 3356 713 3414; x_wconf 92' lang='lat' dir='ltr'>nei</span> <span class='ocrx_word' id='word_1_275' title='bbox 726 3357 790 3415; x_wconf 92' lang='lat' dir='ltr'>loro</span> <span class='ocrx_word' id='word_1_276' title='bbox 806 3356 889 3425; x_wconf 85' lang='lat' dir='ltr'>eorpi</span> <span class='ocrx_word' id='word_1_277' title='bbox 901 3374 973 3415; x_wconf 91' lang='lat' dir='ltr'>sono</span> <span class='ocrx_word' id='word_1_278' title='bbox 988 3356 1181 3426; x_wconf 81' lang='lat' dir='ltr'>egualmenre</span> <span class='ocrx_word' id='word_1_279' title='bbox 1195 3356 1308 3415; x_wconf 86' lang='lat' dir='ltr'>salubri</span> <span class='ocrx_word' id='word_1_280' title='bbox 1322 3398 1345 3427; x_wconf 82' lang='lat'>„.</span> <span class='ocrx_word' id='word_1_281' title='bbox 1360 3355 1420 3414; x_wconf 78' lang='lat' dir='ltr'>cfr.</span> <span class='ocrx_word' id='word_1_282' title='bbox 1433 3356 1478 3414; x_wconf 91' lang='lat' dir='ltr'>IV</span> 
     </span>
     <span class='ocr_line' id='line_1_34' title="bbox 354 3426 1478 3500; baseline 0.001 -15"><span class='ocrx_word' id='word_1_283' title='bbox 354 3431 406 3486; x_wconf 79' lang='lat'>643</span> <span class='ocrx_word' id='word_1_284' title='bbox 426 3447 489 3497; x_wconf 82' lang='lat' dir='ltr'>sgg.</span> <span class='ocrx_word' id='word_1_285' title='bbox 509 3426 650 3486; x_wconf 75' lang='lat' dir='ltr'>Corneio</span> <span class='ocrx_word' id='word_1_286' title='bbox 671 3427 731 3500; x_wconf 85' lang='lat' dir='ltr'>IV,</span> <span class='ocrx_word' id='word_1_287' title='bbox 749 3430 799 3485; x_wconf 88' lang='grc'>631</span> <span class='ocrx_word' id='word_1_288' title='bbox 822 3448 884 3497; x_wconf 81' lang='lat' dir='ltr'>sgg.</span> <span class='ocrx_word' id='word_1_289' title='bbox 912 3428 1008 3486; x_wconf 81' lang='lat' dir='ltr'>l’ideo</span> <span class='ocrx_word' id='word_1_290' title='bbox 1028 3427 1196 3499; x_wconf 75' lang='lat' dir='ltr'>diprodito</span> <span class='ocrx_word' id='word_1_291' title='bbox 1215 3447 1231 3487; x_wconf 91' lang='lat' dir='ltr'>e</span> <span class='ocrx_word' id='word_1_292' title='bbox 1249 3427 1279 3485; x_wconf 93' lang='lat' dir='ltr'>di</span> <span class='ocrx_word' id='word_1_293' title='bbox 1297 3428 1433 3486; x_wconf 83' lang='lat' dir='ltr'>satutare</span> <span class='ocrx_word' id='word_1_294' title='bbox 1452 3428 1478 3485; x_wconf 91' lang='lat' dir='ltr'>si</span> 
     </span>
     <span class='ocr_line' id='line_1_35' title="bbox 354 3498 1478 3574; baseline -0.002 -16"><span class='ocrx_word' id='word_1_295' title='bbox 354 3498 543 3558; x_wconf 82' lang='lat' dir='ltr'>eoniondono</span> <span class='ocrx_word' id='word_1_296' title='bbox 556 3500 587 3557; x_wconf 91' lang='lat' dir='ltr'>in</span> <span class='ocrx_word' id='word_1_297' title='bbox 601 3501 750 3558; x_wconf 74' lang='lat' dir='ltr'>iracundos</span> <span class='ocrx_word' id='word_1_298' title='bbox 766 3501 988 3574; x_wconf 80' lang='lat' dir='ltr'>(izeoiouncios);</span> <span class='ocrx_word' id='word_1_299' title='bbox 1006 3499 1083 3558; x_wconf 88' lang='lat' dir='ltr'>onde</span> <span class='ocrx_word' id='word_1_300' title='bbox 1097 3500 1118 3557; x_wconf 94' lang='lat' dir='ltr'>il</span> <span class='ocrx_word' id='word_1_301' title='bbox 1132 3500 1249 3569; x_wconf 79' lang='lat' dir='ltr'>legame</span> <span class='ocrx_word' id='word_1_302' title='bbox 1266 3501 1311 3558; x_wconf 89' lang='lat' dir='ltr'>eoi</span> <span class='ocrx_word' id='word_1_303' title='bbox 1325 3499 1384 3558; x_wconf 91' lang='lat' dir='ltr'>due</span> <span class='ocrx_word' id='word_1_304' title='bbox 1397 3502 1478 3560; x_wconf 81' lang='lat' dir='ltr'>uersi</span> 
     </span>
     <span class='ocr_line' id='line_1_36' title="bbox 354 3570 1479 3642; baseline 0 -12"><span class='ocrx_word' id='word_1_305' title='bbox 354 3571 501 3642; x_wconf 85' lang='lat' dir='ltr'>seguenti.</span> <span class='ocrx_word' id='word_1_306' title='bbox 574 3602 610 3611; x_wconf 91' lang='lat'>-</span> <span class='ocrx_word' id='word_1_307' title='bbox 621 3571 684 3630; x_wconf 86' lang='grc'>897.</span> <span class='ocrx_word' id='word_1_308' title='bbox 700 3574 728 3630; x_wconf 91' lang='grc' dir='ltr'><strong>Α</strong></span> <span class='ocrx_word' id='word_1_309' title='bbox 742 3572 959 3639; x_wconf 83' lang='lat' dir='ltr'>complemento</span> <span class='ocrx_word' id='word_1_310' title='bbox 979 3570 1027 3629; x_wconf 86' lang='lat' dir='ltr'>del</span> <span class='ocrx_word' id='word_1_311' title='bbox 1047 3591 1133 3629; x_wconf 81' lang='lat' dir='ltr'>uerso</span> <span class='ocrx_word' id='word_1_312' title='bbox 1152 3589 1257 3630; x_wconf 88' lang='lat' dir='ltr'>moneo</span> <span class='ocrx_word' id='word_1_313' title='bbox 1272 3571 1320 3630; x_wconf 91' lang='lat' dir='ltr'>nei</span> <span class='ocrx_word' id='word_1_314' title='bbox 1333 3590 1400 3630; x_wconf 86' lang='lat' dir='ltr'>mss.</span> <span class='ocrx_word' id='word_1_315' title='bbox 1414 3590 1479 3642; x_wconf 86' lang='lat' dir='ltr'>pre·</span> 
     </span>
     <span class='ocr_line' id='line_1_37' title="bbox 353 3641 1479 3715; baseline 0.004 -15"><span class='ocrx_word' id='word_1_316' title='bbox 353 3643 462 3702; x_wconf 85' lang='lat' dir='ltr'>feriseo</span> <span class='ocrx_word' id='word_1_317' title='bbox 476 3641 506 3700; x_wconf 86' lang='lat' dir='ltr'>al</span> <span class='ocrx_word' id='word_1_318' title='bbox 521 3662 587 3702; x_wconf 85' lang='lat' dir='ltr'>vero</span> <span class='ocrx_word' id='word_1_319' title='bbox 603 3643 737 3713; x_wconf 79' lang='lat' dir='ltr'>(flemme</span> <span class='ocrx_word' id='word_1_320' title='bbox 751 3645 867 3715; x_wconf 80' lang='lat' dir='ltr'>quidem</span> <span class='ocrx_word' id='word_1_321' title='bbox 886 3643 1004 3706; x_wconf 81' lang='lat' dir='ltr'>veraldi</span> <span class='ocrx_word' id='word_1_322' title='bbox 1018 3643 1138 3701; x_wconf 82' lang='lat' dir='ltr'>antiche</span> <span class='ocrx_word' id='word_1_323' title='bbox 1152 3643 1281 3702; x_wconf 82' lang='lat' dir='ltr'>edizioni</span> <span class='ocrx_word' id='word_1_324' title='bbox 1297 3662 1312 3702; x_wconf 90' lang='lat' dir='ltr'>e</span> <span class='ocrx_word' id='word_1_325' title='bbox 1327 3642 1356 3702; x_wconf 92' lang='lat' dir='ltr'>di</span> <span class='ocrx_word' id='word_1_326' title='bbox 1370 3644 1479 3705; x_wconf 89' lang='lat' dir='ltr'>Munro</span> 
     </span>
     <span class='ocr_line' id='line_1_38' title="bbox 354 3714 1479 3820; baseline 0.003 -49"><span class='ocrx_word' id='word_1_327' title='bbox 354 3715 517 3802; x_wconf 30' lang='lat' dir='ltr'>ild-eoique</span> <span class='ocrx_word' id='word_1_328' title='bbox 533 3714 564 3772; x_wconf 87' lang='lat' dir='ltr'>di</span> <span class='ocrx_word' id='word_1_329' title='bbox 579 3714 710 3784; x_wconf 80' lang='lat' dir='ltr'>Lnehm.‚</span> <span class='ocrx_word' id='word_1_330' title='bbox 726 3716 824 3811; x_wconf 50' lang='lat' dir='ltr'>Berge,</span> <span class='ocrx_word' id='word_1_331' title='bbox 843 3717 922 3800; x_wconf 63' lang='lat' dir='ltr'>Brea,</span> <span class='ocrx_word' id='word_1_332' title='bbox 942 3714 1052 3799; x_wconf 70' lang='lat' dir='ltr'>perche</span> <span class='ocrx_word' id='word_1_333' title='bbox 1069 3715 1209 3785; x_wconf 88' lang='lat' dir='ltr'>risponde</span> <span class='ocrx_word' id='word_1_334' title='bbox 1227 3715 1334 3784; x_wconf 78' lang='lat' dir='ltr'>meglio</span> <span class='ocrx_word' id='word_1_335' title='bbox 1350 3714 1380 3773; x_wconf 89' lang='lat' dir='ltr'>al</span> <span class='ocrx_word' id='word_1_336' title='bbox 1390 3719 1479 3820; x_wconf 51' lang='lat' dir='ltr'>{rm</span> 
     </span>
     <span class='ocr_line' id='line_1_39' title="bbox 353 3786 1478 3943; baseline -0.001 -28"><span class='ocrx_word' id='word_1_337' title='bbox 353 3787 620 3942; x_wconf 66' lang='grc'>1911999..</span> <span class='ocrx_word' id='word_1_338' title='bbox 640 3786 1230 3943; x_wconf 58' lang='lat' dir='ltr'>ittaterrittertbttta</span> <span class='ocrx_word' id='word_1_339' title='bbox 1250 3788 1478 3933; x_wconf 53' lang='grc'>9181189</span> 
     </span>
     <span class='ocr_line' id='line_1_40' title="bbox 355 3925 1478 4007; baseline 0.008 -26"><span class='ocrx_word' id='word_1_340' title='bbox 355 3930 385 3984; x_wconf 72' lang='grc' dir='ltr'>δὲ</span> <span class='ocrx_word' id='word_1_341' title='bbox 401 3933 520 4001; x_wconf 81' lang='grc' dir='ltr'><strong><em>χίμαιρα</em></strong></span> <span class='ocrx_word' id='word_1_342' title='bbox 535 3932 636 3984; x_wconf 62' lang='lat' dir='ltr'>Asini</span> <span class='ocrx_word' id='word_1_343' title='bbox 651 3950 848 3985; x_wconf 81' lang='grc' dir='ltr'><em>αποπνευουσα</em></span> <span class='ocrx_word' id='word_1_344' title='bbox 867 3925 953 4007; x_wconf 80' lang='grc' dir='ltr'><em>πυρὸς</em></span> <span class='ocrx_word' id='word_1_345' title='bbox 971 3951 1055 4005; x_wconf 81' lang='grc' dir='ltr'><em>μενος</em></span> <span class='ocrx_word' id='word_1_346' title='bbox 1071 3932 1244 4004; x_wconf 75' lang='grc' dir='ltr'>αἰθομενοιο.</span> <span class='ocrx_word' id='word_1_347' title='bbox 1259 3931 1319 3989; x_wconf 79' lang='lat' dir='ltr'>Gir·</span> <span class='ocrx_word' id='word_1_348' title='bbox 1334 3930 1382 3989; x_wconf 87' lang='lat' dir='ltr'>del</span> <span class='ocrx_word' id='word_1_349' title='bbox 1395 3936 1478 3991; x_wconf 77' lang='lat' dir='ltr'>resto</span> 
     </span>
     <span class='ocr_line' id='line_1_41' title="bbox 353 4001 1478 4073; baseline 0.003 -16"><span class='ocrx_word' id='word_1_350' title='bbox 353 4001 384 4057; x_wconf 91' lang='lat' dir='ltr'>Il</span> <span class='ocrx_word' id='word_1_351' title='bbox 399 4004 450 4058; x_wconf 87' lang='grc'>799</span> <span class='ocrx_word' id='word_1_352' title='bbox 462 4021 519 4070; x_wconf 76' lang='lat' dir='ltr'>eg,</span> <span class='ocrx_word' id='word_1_353' title='bbox 538 4001 614 4059; x_wconf 81' lang='lat' dir='ltr'>dove</span> <span class='ocrx_word' id='word_1_354' title='bbox 634 4006 728 4060; x_wconf 88' lang='lat' dir='ltr'>tratta</span> <span class='ocrx_word' id='word_1_355' title='bbox 747 4002 776 4060; x_wconf 93' lang='lat' dir='ltr'>lo</span> <span class='ocrx_word' id='word_1_356' title='bbox 796 4009 890 4061; x_wconf 87' lang='lat' dir='ltr'>stesso</span> <span class='ocrx_word' id='word_1_357' title='bbox 909 4007 1094 4073; x_wconf 87' lang='lat' dir='ltr'>argomento,</span> <span class='ocrx_word' id='word_1_358' title='bbox 1108 4022 1124 4060; x_wconf 91' lang='lat' dir='ltr'>e</span> <span class='ocrx_word' id='word_1_359' title='bbox 1137 4002 1212 4062; x_wconf 84' lang='lat' dir='ltr'>dore</span> <span class='ocrx_word' id='word_1_360' title='bbox 1228 4021 1301 4062; x_wconf 90' lang='lat' dir='ltr'>sono</span> <span class='ocrx_word' id='word_1_361' title='bbox 1318 4002 1478 4073; x_wconf 85' lang='lat' dir='ltr'>perimenti</span> 
     </span>
     <span class='ocr_line' id='line_1_42' title="bbox 354 4071 1479 4146; baseline 0.004 -18"><span class='ocrx_word' id='word_1_362' title='bbox 354 4071 497 4130; x_wconf 77' lang='lat' dir='ltr'>rrcordati</span> <span class='ocrx_word' id='word_1_363' title='bbox 516 4072 526 4130; x_wconf 96' lang='lat' dir='ltr'>i</span> <span class='ocrx_word' id='word_1_364' title='bbox 544 4074 690 4144; x_wconf 77' lang='lat' dir='ltr'>centauri,</span> <span class='ocrx_word' id='word_1_365' title='bbox 709 4073 867 4144; x_wconf 78' lang='lat' dir='ltr'>semiferos</span> <span class='ocrx_word' id='word_1_366' title='bbox 894 4075 1045 4133; x_wconf 71' lang='lat' dir='ltr'>totietatem</span> <span class='ocrx_word' id='word_1_367' title='bbox 1065 4078 1182 4144; x_wconf 78' lang='lat' dir='ltr'>speeies,</span> <span class='ocrx_word' id='word_1_368' title='bbox 1201 4075 1230 4133; x_wconf 89' lang='lat' dir='ltr'>le</span> <span class='ocrx_word' id='word_1_369' title='bbox 1249 4074 1347 4146; x_wconf 67' lang='lat' dir='ltr'>seille,</span> <span class='ocrx_word' id='word_1_370' title='bbox 1367 4078 1479 4134; x_wconf 80' lang='lat' dir='ltr'>conecti</span> 
     </span>
     <span class='ocr_line' id='line_1_43' title="bbox 354 4145 1476 4218; baseline 0.004 -19"><span class='ocrx_word' id='word_1_371' title='bbox 354 4148 513 4201; x_wconf 80' lang='lat' dir='ltr'>terrestria</span> <span class='ocrx_word' id='word_1_372' title='bbox 529 4145 658 4206; x_wconf 85' lang='lat' dir='ltr'>membro</span> <span class='ocrx_word' id='word_1_373' title='bbox 671 4150 810 4216; x_wconf 81' lang='lat' dir='ltr'>marinis,</span> <span class='ocrx_word' id='word_1_374' title='bbox 827 4165 842 4204; x_wconf 94' lang='lat' dir='ltr'>e</span> <span class='ocrx_word' id='word_1_375' title='bbox 859 4146 887 4204; x_wconf 91' lang='lat' dir='ltr'>le</span> <span class='ocrx_word' id='word_1_376' title='bbox 897 4146 1035 4205; x_wconf 80' lang='lat' dir='ltr'>OhImere</span> <span class='ocrx_word' id='word_1_377' title='bbox 1049 4147 1200 4218; x_wconf 72' lang='lat' dir='ltr'>flammam</span> <span class='ocrx_word' id='word_1_378' title='bbox 1216 4152 1312 4205; x_wconf 78' lang='lat' dir='ltr'>taetro</span> <span class='ocrx_word' id='word_1_379' title='bbox 1327 4150 1476 4218; x_wconf 84' lang='lat' dir='ltr'>spirantis</span> 
     </span>
     <span class='ocr_line' id='line_1_44' title="bbox 355 4215 1476 4288; baseline 0.004 -17"><span class='ocrx_word' id='word_1_380' title='bbox 355 4232 413 4271; x_wconf 82' lang='lat' dir='ltr'>ore·</span> <span class='ocrx_word' id='word_1_381' title='bbox 432 4244 464 4252; x_wconf 95' lang='lat'>—</span> <span class='ocrx_word' id='word_1_382' title='bbox 484 4215 592 4274; x_wconf 90' lang='lat' dir='ltr'>Orazio</span> <span class='ocrx_word' id='word_1_383' title='bbox 611 4235 708 4277; x_wconf 81' lang='lat' dir='ltr'>avere</span> <span class='ocrx_word' id='word_1_384' title='bbox 737 4217 816 4276; x_wconf 84' lang='lat' dir='ltr'>forse</span> <span class='ocrx_word' id='word_1_385' title='bbox 843 4218 875 4275; x_wconf 92' lang='lat' dir='ltr'>in</span> <span class='ocrx_word' id='word_1_386' title='bbox 903 4223 1003 4277; x_wconf 89' lang='lat' dir='ltr'>mente</span> <span class='ocrx_word' id='word_1_387' title='bbox 1022 4221 1075 4277; x_wconf 83' lang='grc'>992</span> <span class='ocrx_word' id='word_1_388' title='bbox 1094 4215 1214 4287; x_wconf 88' lang='lat' dir='ltr'>quando</span> <span class='ocrx_word' id='word_1_389' title='bbox 1234 4218 1341 4277; x_wconf 85' lang='lat' dir='ltr'>serisso</span> <span class='ocrx_word' id='word_1_390' title='bbox 1360 4218 1370 4276; x_wconf 93' lang='lat' dir='ltr'>i</span> <span class='ocrx_word' id='word_1_391' title='bbox 1389 4218 1476 4288; x_wconf 89' lang='lat' dir='ltr'>primi</span> 
     </span>
    </p>
   </div>
   <div class='ocr_carea' id='block_1_4' title="bbox 0 0 1584 4690">
    <p class='ocr_par' dir='ltr' id='par_1_9' title="bbox 0 0 1584 4690">
     <span class='ocr_line' id='line_1_45' title="bbox 0 0 1584 4690; baseline 0 1"><span class='ocrx_word' id='word_1_392' title='bbox 0 0 1584 4690; x_wconf 95' lang='lat' dir='ltr'> </span> 
     </span>
    </p>
   </div>
  </div>
 </body>
</html>
