3088 4694
342 255 408 327 236
653 249 719 326 DE
742 248 917 327 RERUM
940 246 1150 326 NATURA

364 398 482 471 omnia
505 399 569 471 sub
594 399 744 472 verbone
768 405 863 472 creat
885 406 1013 471 natura
1036 400 1231 490 paretque?
1341 450 1349 464 .

365 520 444 570 cum
466 496 672 587 praesertim
697 496 774 569 aliis
798 496 918 569 eadem
941 496 980 569 in
1003 497 1144 587 regione
1168 497 1310 588 locoque

289 607 341 665 785
364 595 466 684 longe
490 595 670 668 dissimilis
694 596 832 668 animus
856 619 910 668 res
935 595 1065 685 cogitet
1089 595 1211 669 omnis.

363 695 448 787 quid
471 718 582 786 porro,
606 695 644 766 in
667 720 850 767 numerum
875 694 1059 785 procedere
1082 718 1161 767 cum
1184 694 1369 769 simulacre

363 795 537 868 cernimus
560 794 597 866 in
622 795 751 867 somnis
775 802 809 866 et
833 794 951 867 mollia
976 795 1132 867 membra
1155 817 1303 883 morere,

362 893 481 966 mollia
504 894 679 967 mobiliter
703 919 781 967 cum
805 893 952 967 alternis
975 893 1140 966 bracchia
1162 894 1309 967 mittunt

363 1000 397 1065 et
420 1000 581 1084 repetunt
604 993 711 1066 oculis
735 1001 871 1084 gestum
897 992 981 1083 pede
999 992 1248 1065 convenienti?

288 1101 340 1157 (9ο
363 1091 504 1180 scilicet,
528 1099 603 1165 erte
627 1092 767 1164 madent
791 1091 979 1164 simulacra
1004 1099 1038 1165 et
1062 1091 1163 1164 docta
1185 1099 1371 1182 vagantur,

361 1197 531 1263 nocturno
555 1189 667 1262 fecere
690 1198 729 1262 ut
752 1190 885 1281 possint
908 1191 944 1262 in
968 1198 1122 1281 tempore
1145 1190 1256 1263 ludos.

363 1312 408 1360 66
432 1287 546 1376 magis
568 1287 655 1359 illud
679 1289 745 1360 erit
769 1290 915 1361 rerum?
939 1289 1022 1378 quie
1045 1296 1200 1379 tempore
1223 1289 1260 1361 in
1284 1314 1353 1362 uno

362 1386 454 1477 quod
477 1386 656 1470 sentimus,
680 1387 717 1459 id
741 1395 793 1460 est
818 1410 896 1459 cnm
920 1411 990 1460 vox
1014 1386 1189 1459 emittitur
1213 1412 1294 1477 una,

341 1594 554 1604 ...m—.-

341 1739 462 1803 eoreiest,
483 1758 499 1796 e
518 1737 540 1795 il
559 1738 666 1795 Murro
691 1739 721 1795 si
743 1742 856 1794 terrosi
880 1737 972 1794 cordi.
1045 1765 1077 1775 —
1104 1737 1165 1794 iss.
1190 1737 1245 1795 sub
1265 1737 1350 1797 verbo
1364 1760 1396 1786 =
1409 1734 1461 1796 sub

339 1814 442 1882 iussu,·
460 1813 541 1881 meis,
561 1814 630 1879 teris,
647 1811 799 1881 praetoris
817 1807 913 1866 oerbis
930 1813 985 1867 etc.
1002 1829 1030 1856 =
1046 1816 1187 1881 (666166,
1205 1815 1358 1882 praetoris
1371 1814 1460 1868 iussn.

339 1883 389 1940 116
407 1883 552 1941 Luerezio
572 1882 643 1940 ruol
662 1882 741 1939 forse
762 1879 841 1939 dire:
866 1899 986 1950 666666
1008 1881 1037 1939 io
1057 1881 1163 1939 dentre
1183 1881 1213 1939 di
1233 1902 1280 1940 me
1300 1882 1461 1951 pronuncio

338 1954 368 2012 16
386 1956 492 2025 parole
513 1955 525 1978 “
541 1953 657 2012 corallo
673 1998 702 2023 „‚
722 1953 801 2011 ossio
817 1952 934 2022 rirolgo
954 1953 976 2009 il
994 1954 1053 2011 mio
1072 1954 1211 2022 pensiero
1228 1953 1258 2011 61
1274 1955 1401 2024 corello,
1419 1973 1461 2011 eu·

337 2026 400 2085 bito
420 2028 449 2084 16
468 2030 579 2084 natura
598 2026 638 2083 mi
657 2025 689 2082 fa
708 2024 818 2083 redere
837 2024 857 2081 il
878 2024 1004 2082 corallo,
1075 2055 1109 2063 -
1126 2024 1188 2082 784.
1208 2044 1273 2083 666(
1286 2030 1461 2097 praesertim

340 2101 384 2156 “e
404 2098 449 2157 cio
468 2097 623 2168 malgrcdo
644 2097 698 2155 ohe
712 2117 740 2167 „3
760 2093 819 2153 Cic.
841 2096 923 2155 Orat.
944 2099 979 2154 32
1004 2115 1056 2171 666
1081 2116 1149 2156 cero
1174 2101 1203 2155 si
1220 2098 1381 2156 historiam
1404 2115 1461 2156 riori

338 2174 506 2241 scripsisset
525 2188 630 2229 nomen
648 2172 712 2226 eires
731 2174 855 2238 exteret,
867 2187 932 2226 euro
945 2172 1124 2240 praesertim
1136 2168 1246 2240 fuisset
1259 2171 1424 2228 honoratus
1436 2175 1460 2225 et

337 2243 455 2301 nobilis.
468 2241 546 2300 Vedi
555 2241 678 2308 Madvig
691 2258 709 2297 6
722 2241 757 2297 de
772 2239 839 2297 Fir.
851 2239 882 2296 ΙΙ
895 2242 939 2298 25.
1022 2272 1055 2281 -
1069 2243 1228 2299 dissimilis
1241 2242 1315 2299 otiis
1329 2242 1341 2265 ‘⁴
1355 2242 1460 2299 affatio

339 2314 456 2372 diverse
476 2314 515 2371 (16
533 2313 632 2383 quelle
653 2313 716 2381 che,
734 2312 776 2369 iri
795 2316 899 2378 siesse,
918 2311 989 2369 altri
1008 2332 1141 2382 penseno
1163 2357 1187 2383 „.
1239 2344 1272 2354 —
1287 2313 1347 2368 787.
1360 2314 1461 2373 mollio

338 2385 402 2443 dice
427 2386 457 2443 16
480 2387 572 2454 piena
598 2385 791 2442 naturalezze
816 2402 831 2442 6
857 2383 955 2441 veriti
980 2384 1009 2441 di
1034 2386 1133 2453 questi
1155 2384 1338 2454 morimenti,
1367 2403 1460 2443 6666

338 2458 434 2515 scetii.
451 2458 531 2514 Nota
543 2458 648 2515 mollio
660 2456 790 2513 membra
805 2474 918 2514 movere
930 2457 1034 2515 mollio
1048 2457 1205 2515 mobiliter.
1223 2487 1255 2496 -
1276 2456 1339 2515 (ion
1355 2458 1461 2514 Munro

338 2536 449 2587 onretto
468 2529 498 2585 16
517 2530 633 2598 rirgoln
653 2528 682 2586 di
701 2529 734 2585 L.
751 2547 766 2585 e
785 2528 819 2584 Β.
839 2527 915 2597 dopo
935 2529 955 2585 il
975 2528 1103 2587 secondo
1123 2529 1234 2599 mettio,
1254 2529 1307 2586 che
1326 2530 1462 2587 riferisco

337 2620 356 2658 6
377 2601 522 2659 bracchio,
541 2601 653 2668 -Qui
672 2601 817 2657 Lucrezio
837 2599 972 2658 deserire
991 2606 1165 2658 veramente
1181 2620 1242 2658 666
1256 2600 1353 2657 denne
1366 2619 1384 2659 o
1398 2619 1462 2670 pro·

338 2675 471 2732 cessione
497 2673 645 2730 denzante
669 2690 694 2741 e,
719 2672 876 2740 ripetendo
902 2673 961 2740 egli
986 2673 1037 2742 qui
1063 2673 1116 2742 piir
1142 2672 1352 2730 diffusemente
1374 2674 1395 2730 il
1415 2671 1462 2744 git

338 2744 421 2804 (letto
441 2747 502 2807 iti,
521 2744 617 2802 l’irlea
636 2743 735 2814 glicne
754 2741 898 2802 6666616
911 2743 1173 2813 dall’espressione
1187 2749 1221 2802 iri
1234 2763 1393 2802 evermerum
1409 2746 1460 2803 che

336 2815 541 2885 1666666,
561 2836 577 2874 6
596 2817 650 2874 che
670 2816 722 2884 qni
740 2815 870 2889 ripiglia,
895 2834 943 2873 me
966 2817 1016 2873 nel
1040 2835 1093 2873 suo
1119 2834 1205 2874 senso
1224 2817 1359 2874 normale
1381 2820 1396 2845 “
1411 2818 1460 2874 rit·

337 2889 514 2946 micemente
530 2931 553 2960 „.
572 2888 653 2946 Note
671 2889 693 2944 il
713 2886 821 2955 (166616
840 2887 954 2960 mellic,
974 2888 1111 2959 alternis,
1130 2889 1216 2947 lucios
1235 2907 1250 2946 e
1270 2889 1323 2946 cfr.
1343 2891 1397 2946 971
1419 2907 1460 2958 eg.

337 2990 370 3000 —
391 2962 519 3019 eltermis
539 2962 551 2984 ‘⁴
567 2959 819 3018 alternetamente
835 3003 859 3030 „.
934 2988 967 2998 -
987 2960 1046 3018 789.
1066 2961 1169 3029 Tengo
1189 2979 1244 3018 con
1263 2960 1301 3017 M.
1319 2979 1335 3017 e
1357 2961 1429 3030 Brg.
1443 2961 1462 3017 il

336 3052 404 3090 mss.
419 3039 565 3104 repetunt,
583 3037 698 3088 mutato
716 3031 745 3086 in
766 3029 904 3101 referiret
924 3031 962 3088 (16
980 3032 1013 3088 L.
1030 3033 1108 3103 eB.;
1129 3051 1144 3089 e
1165 3034 1265 3101 oeulis,
1281 3031 1407 3090 antiche
1425 3051 1462 3090 66

335 3105 487 3174 superfluo
501 3104 613 3173 dative,
632 3102 700 3161 sarii
719 3121 760 3159 un
776 3102 925 3174 abletir03
947 3101 987 3160 “e
1004 3102 1081 3172 cogli
1097 3104 1179 3162 occhi
1194 3103 1283 3171 [eolla
1298 3108 1394 3162 tesia:
1416 3103 1462 3162 nel

338 3177 427 3246 quale
452 3179 635 3234 morimonte
659 3175 740 3232 (16116
764 3178 843 3232 testa
867 3175 897 3232 16
922 3174 1073 3234 direzione
1099 3193 1115 3233 e
1140 3175 1355 3245 l'espressione
1384 3175 1462 3234 dello

335 3248 466 3317 ignardi
486 3249 525 3305 he
544 3268 605 3305 666
624 3266 701 3317 gran
719 3252 819 3316 parte3
844 3250 929 3304 tento
949 3247 1002 3316 piri
1026 3266 1057 3305 ee
1082 3248 1108 3304 si
1132 3251 1228 3305 trettn
1247 3247 1277 3304 di
1300 3246 1459 3314 ballerine]

334 3339 435 3379 ranno
456 3319 551 3378 dietro
571 3320 629 3378 alle
648 3337 792 3376 morenzo
811 3317 963 3389 (nestum),
982 3318 1197 3378 recordandosi
1215 3319 1312 3377 anche
1331 3318 1353 3376 il
1367 3321 1462 3378 mori·

334 3397 435 3450 mento
454 3390 503 3449 dei
521 3390 601 3460 piedi
616 3436 643 3462 „.
662 3391 747 3459 Depo
765 3390 787 3446 il
806 3392 946 3457 generioo
964 3390 1095 3449 membre
1112 3410 1225 3450 morere
1250 3392 1323 3449 rien
1341 3391 1460 3461 specifi-

334 3463 439 3532 cando‚
459 3482 519 3521 non
538 3480 628 3521 senza
647 3460 767 3531 perche,
791 3462 811 3518 il
836 3463 1017 3521 morimonto
1045 3462 1122 3521 delle
1146 3463 1277 3534 breceio,
1301 3462 1350 3521 dei
1372 3464 1462 3533 pierii,

334 3535 413 3594 (16116
432 3539 520 3592 testa.
539 3536 582 3593 Le
601 3534 721 3592 braccio
742 3534 842 3590 hanno
862 3534 892 3591 16
911 3542 997 3603 perte
1017 3534 1195 3605 principale3
1223 3535 1271 3594 (161
1295 3534 1384 3603 piede
1403 3553 1462 3595 non

335 3608 359 3665 si
379 3607 444 3665 dice
464 3608 518 3665 che
538 3607 577 3664 (16
595 3607 700 3665 ultimo
720 3624 775 3663 oon
794 3623 835 3662 un
855 3607 996 3675 semplice
1015 3607 1074 3664 ebl.
1095 3626 1153 3665 ass.
1170 3608 1241 3677 pede
1260 3611 1461 3666 convenienti:

333 3698 392 3738 non
412 3679 437 3736 si
456 3679 585 3737 tratteri
604 3679 724 3747 dunque
751 3678 846 3734 d’una
871 3698 944 3736 rere
964 3679 1069 3748 (16666,
1094 3697 1142 3736 (66
1166 3678 1261 3736 (1666
1287 3686 1461 3755 χειρονομία,

335 3752 390 3810 ohe
409 3750 425 3808 e
446 3757 579 3820 6666616
598 3770 659 3808 666
678 3750 796 3807 ritmico
816 3751 1056 3820 gestioolazione
1080 3758 1318 3820 accompagnati
1342 3751 1382 3808 (16
1401 3770 1461 3810 666

334 3830 531 3890 ondulazione
551 3831 631 3889 (16116
651 3831 830 3900 66666611
849 3830 930 3888 bella
949 3850 966 3888 6
986 3830 1210 3901 sempiternis,
1224 3850 1272 3888 me
1288 3850 1349 3890 non
1362 3850 1462 3891 neces·

333 3905 422 3972 seria,
440 3903 471 3960 16
490 3903 700 3961 emendatione
717 3902 765 3959 del
781 3901 895 3959 Oreech
911 3904 981 3961 ollis
996 3921 1050 3972 per
1066 3904 1167 3969 oeulis,
1183 3908 1351 3973 approvato
1368 3906 1461 3962 anche

335 3974 383 4031 (161
403 3976 539 4046 Brieger,
559 3974 637 4033 cioi:
658 3981 684 4032 et
703 3980 838 4046 repetierit
856 3977 1058 4045 6666666616
1077 3976 1147 4033 ollis
1172 3976 1336 4045 (brachiis)
1363 3996 1459 4035 eonve-

333 4051 436 4104 eiecti.
509 4079 543 4087 -
564 4048 630 4104 191).
649 4047 788 4113 moderet;
812 4045 884 4103 Hor.
908 4047 1064 4105 (611119.
1089 4047 1251 4105 Socraticis
1275 4050 1376 4106 reciet
1401 4068 1460 4106 ser·

332 4118 477 4176 itionibus.
555 4150 590 4158 —
615 4119 715 4190 faeere
739 4119 823 4175 iniis
849 4120 862 4141 “
879 4117 933 4175 dnn
958 4120 1243 4188 reppresentezione
1258 4159 1288 4188 „‚
1313 4119 1459 4179 coll'idee

333 4189 508 4248 seconderie
533 4191 563 4247 di
580 4190 592 4215 “
610 4189 740 4249 burlsrsi
759 4190 839 4247 (16116
864 4195 954 4257 gente
969 4230 992 4261 „.
1079 4220 1111 4229 -
1138 4191 1206 4249 793:
1222 4193 1301 4261 qnod
1318 4196 1461 4251 sentimus
