3102 4692
532 182 679 258 LIBER
700 183 758 260 ΙΠ
782 188 929 260 sne-829
1228 191 1291 264 101

208 321 278 396 Nil
302 323 431 415 igitur
456 349 549 400 mors
572 334 624 402 est
648 328 692 400 ad
715 352 778 402 nos
801 354 912 422 neque
935 330 1084 422 pertinet
1107 329 1229 422 hilum,

169 423 472 515 qnandoquidem
496 434 622 500 notura
644 427 753 500 animi
775 429 932 503 mortalis
955 427 1113 504 habetur.

160 758 231 801 sono
247 740 298 801 del
314 760 422 814 corpo,
438 762 488 802 ma
504 742 580 804 delle
596 744 680 814 quali
698 745 794 805 anehe
812 744 940 805 i’anima
955 743 1054 805 soffre.
1071 745 1178 804 Areva
1193 743 1290 806 detto:

161 815 176 841 “
190 813 327 873 oltreohd
346 815 474 874 l’anima
489 817 645 886 partecipa
664 816 742 877 delle
758 817 893 876 malattie
907 816 955 876 del
969 835 1068 889 eorpo,
1087 816 1177 876 soffre
1196 819 1292 877 anehe

162 904 216 954 per
235 893 327 946 oonto
348 906 405 947 suo
424 887 474 947 ne’
487 889 551 947 suoi
569 887 685 947 affanni
705 889 753 960 pel
773 890 875 948 futuro
895 907 912 948 o
930 889 979 958 pol
999 897 1118 958 passato
1132 910 1164 961 „3
1183 889 1220 948 ed
1239 907 1292 948 ora

161 958 334 1029 aggiunge:
358 960 371 985 “
387 959 455 1017 anzi
484 960 524 1019 ha
543 960 639 1020 anohe
659 960 736 1021 delle
758 979 831 1020 vere
849 961 986 1020 malattie
1005 980 1058 1020 sue
1078 961 1202 1032 speciali
1217 1006 1246 1033 „.
1266 963 1291 1020 E

160 1048 224 1088 non
243 1030 269 1088 si
288 1032 378 1101 pensi
398 1033 444 1091 ooi
458 1004 547 1091 idarx
565 1033 634 1101 (nt.
649 1033 727 1092 Mus.
742 1036 777 1092 43
792 1054 821 1105 p.
838 1035 901 1103 136)
916 1033 971 1092 ohe
985 1033 1130 1092 Luerezio
1150 1051 1206 1092 eon
1221 1052 1290 1106 pro·

159 1104 267 1173 prium
286 1102 393 1161 atluda
412 1104 443 1162 ai
462 1104 526 1163 suoi
545 1104 660 1173 periodi
680 1104 709 1163 di
729 1108 862 1164 insanio.

235 1173 396 1233 sne-1092.
421 1175 534 1235 Vanitd
559 1176 607 1235 del
629 1176 736 1237 timore
760 1177 841 1236 della
859 1179 963 1236 morte.
986 1206 1019 1217 -
1035 1176 1160 1235 Intorno
1178 1194 1197 1235 a
1217 1195 1290 1247 qne·

160 1243 318 1304 st’nitima
343 1251 432 1317 parte
458 1247 506 1306 del
532 1247 610 1308 libro
633 1249 682 1307 111
706 1249 776 1308 redi
798 1249 827 1308 le
854 1248 1054 1308 osservnzioni
1073 1248 1210 1318 generali
1228 1250 1291 1307 nel·

160 1316 350 1377 l'Idctoursus
368 1320 399 1377 in
418 1319 583 1390 appendice
603 1339 622 1378 a
641 1324 746 1391 questo
766 1320 850 1381 libro.
926 1349 954 1360 -
977 1319 1113 1378 sss-ser.
1132 1321 1177 1378 La
1192 1329 1287 1379 morte

160 1389 192 1446 ei
212 1388 289 1448 deve
311 1409 410 1450 essere
427 1392 636 1462 indifferente;
663 1392 786 1462 giaoohe
810 1392 905 1453 oben
925 1411 996 1452 vero
1015 1392 1069 1452 ohe
1088 1391 1118 1449 la
1138 1397 1233 1451 morte
1252 1392 1291 1449 si·

160 1460 278 1530 gnifioa
297 1461 445 1521 l’ossenza
461 1463 491 1522 di
506 1467 585 1523 tutto
605 1462 650 1523 oid
664 1466 718 1523 ohe
734 1464 764 1522 di
780 1465 978 1523 interessente
998 1464 1058 1535 puo
1078 1462 1150 1521 dare
1163 1464 1199 1547 ‘la
1214 1463 1290 1536 vita3

160 1551 215 1590 ma
232 1551 287 1602 per
300 1534 350 1591 ehi
366 1552 427 1593 non
443 1535 532 1594 esiste
547 1555 606 1595 non
624 1535 675 1594 e‘e
691 1536 792 1594 niente
808 1536 1050 1602 d‘interossante,
1067 1535 1171 1606 quindr
1187 1536 1290 1594 niente

161 1604 195 1661 di
217 1605 265 1663 oni
284 1605 327 1673 gli
347 1625 436 1675 possa
454 1608 616 1677 importare
632 1608 662 1665 ia
680 1626 857 1678 presenzao
877 1605 1289 1667 i’assenza.Oon1etnttooid

160 1676 222 1734 ohe
241 1695 381 1736 arvenna
401 1679 496 1748 prirna
515 1679 594 1738 della
613 1686 716 1739 nostra
735 1681 852 1740 nascita
871 1680 897 1738 oi
916 1682 949 1738 fu
969 1680 1075 1738 affatto
1088 1678 1289 1749 indifferente‚

161 1748 228 1806 oosi
247 1748 357 1809 affatto
376 1750 566 1810 indifferente
592 1753 619 1810 oi
638 1751 707 1810 sara
725 1756 805 1812 tutte
827 1752 928 1822 quello
953 1751 1008 1810 ohe
1029 1749 1118 1820 pont
1144 1753 1288 1809 arvenire

161 1818 245 1890 dopo
266 1821 296 1877 la
316 1826 419 1880 nostra
437 1828 541 1882 morte.
557 1824 611 1881 Pei
629 1842 689 1882 non
709 1823 852 1882 asistente
871 1823 1131 1893 quell'ignoranza
1152 1840 1169 1881 o
1188 1823 1288 1892 priva-

160 1893 253 1950 zione
273 1911 333 1950 non
352 1892 369 1951 d
389 1895 561 1964 privazione
583 1914 601 1955 o
620 1894 792 1965 ignorasse,
818 1895 834 1954 ὸ
854 1897 947 1954 nulia.
972 1895 1009 1964 [E
1029 1893 1125 1953 anche
1144 1899 1289 1964 supposta

161 1982 228 2021 nna
248 1967 487 2034 sopravvivonza
506 1966 677 2027 deii'anirna
690 1968 758 2032 mia,
774 1975 917 2038 supposto
930 1967 985 2025 ohe
998 1966 1152 2024 ali’usoita
1165 1964 1214 2049 dal
1230 1966 1289 2025 mio

161 2053 258 2105 eorpo
278 2054 345 2094 essa
364 2055 423 2096 non
442 2039 468 2096 si
487 2036 599 2108 dissioi,
618 2058 667 2097 rna
686 2040 823 2110 rimanga
841 2040 871 2097 in
891 2037 923 2098 sd
942 2038 1074 2097 raccolta
1095 2042 1286 2100 esennrente

161 2107 270 2177 quella
293 2126 350 2166 sua
374 2111 438 2168 vita
462 2128 522 2169 non
545 2111 783 2182 riguarderebbe
807 2114 901 2181 punto
921 2130 964 2169 me
988 2108 1098 2180 perche
1117 2111 1147 2168 ie
1166 2126 1238 2167 sono
1259 2108 1289 2166 la

162 2179 227 2237 mia
246 2181 348 2238 anima
361 2199 377 2240 e
390 2182 412 2239 ii
425 2182 485 2241 mio
501 2202 589 2254 oorpo
603 2184 809 2244 intimamente
823 2182 988 2253 congiunti.
1006 2181 1093 2252 Anni,
1111 2180 1207 2238 anehe
1220 2199 1289 2250 snp-

161 2257 253 2320 posto
273 2270 315 2310 un
334 2253 545 2314 rinasoirnento
564 2255 739 2315 dell'intero
758 2257 817 2315 mio
837 2273 946 2326 essere,
973 2254 1073 2312 anima
1096 2271 1112 2311 e
1133 2270 1231 2336 corpo,
1258 2253 1287 2310 la

161 2323 329 2382 rinnosata
349 2326 497 2386 asistenza
516 2326 546 2384 di
565 2327 666 2397 quella
685 2327 816 2387 identioa
830 2325 1054 2386 oombinaziono
1068 2329 1197 2383 atomroa
1211 2322 1288 2382 onde

162 2395 237 2464 oggi
257 2413 311 2454 son
331 2396 417 2467 fatto,
436 2417 495 2458 non
513 2399 552 2456 rni
571 2399 716 2470 niguarda
740 2419 795 2469 per
815 2400 909 2471 nulia,
932 2395 1041 2467 perone
1066 2395 1085 2454 1’
1093 2396 1226 2454 assoluta
1246 2397 1287 2453 in·

161 2467 339 2526 terrnzione
362 2468 410 2527 dei
430 2471 487 2529 mio
511 2471 622 2530 sentire
644 2471 761 2530 attuale
786 2472 818 2529 fa
842 2472 868 2529 si
891 2471 946 2529 ohe
972 2468 1147 2539 quell’altra
1169 2466 1238 2525 sard
1257 2468 1287 2525 la

160 2541 231 2596 vita
251 2537 327 2596 d'nn
348 2541 426 2600 a'ltro
446 2546 484 2611 ie,
502 2541 558 2601 ohe
576 2561 636 2601 non
655 2544 700 2601 sia
718 2542 868 2601 l'attuale.
887 2543 938 2600 Ma
956 2542 1011 2599 eho
1030 2540 1110 2599 dieo:
1128 2542 1287 2624 suppostot

161 2610 256 2668 Altre
275 2611 422 2671 esistenze
435 2612 465 2671 di
478 2619 557 2673 tutto
570 2614 708 2673 I'attuale
721 2615 779 2679 mio
795 2632 903 2681 essere,
922 2633 939 2672 e
955 2614 981 2671 oi
994 2629 1124 2671 saranno
1142 2629 1198 2670 eor
1214 2629 1287 2694 sono

160 2687 255 2753 state,
274 2682 385 2751 perone
400 2685 480 2743 neila
495 2686 612 2745 infinita
631 2686 679 2745 dei
699 2694 798 2756 tempo
812 2685 828 2745 ὸ
844 2685 1024 2756 impossibiie
1036 2684 1101 2754 ohe,
1113 2684 1194 2742 neila
1206 2701 1288 2740 oreon

160 2754 294 2813 mischia
313 2757 442 2814 atomioa
460 2757 683 2823 deiI’universo
702 2776 762 2817 non
782 2759 807 2816 si
818 2758 956 2828 ripetano
968 2755 1067 2826 quelle
1080 2754 1195 2825 precise
1211 2772 1288 2837 eorn-

160 2826 319 2884 binazioni
338 2829 488 2887 atomiohe
506 2829 584 2888 ende
602 2830 749 2889 risuitano
768 2830 796 2887 ie
815 2838 917 2890 nostre
936 2845 1071 2899 persone.
1090 2827 1141 2885 Ma
1154 2825 1287 2896 perl'rn·

160 2898 338 2957 terrnzione
358 2899 437 2958 delia
457 2902 610 2960 eoseienaa
629 2901 712 2960 nulia
731 2901 838 2960 affatto
862 2902 1016 2971 sappiamo
1038 2919 1054 2957 e
1077 2899 1161 2958 nulia
1179 2897 1287 2955 affatto

161 2969 190 3028 oi
210 2972 341 3039 imperta
360 2970 438 3030 delle
457 2974 517 3032 vite
537 2974 681 3032 anteriori
701 2973 730 3030 di
755 2973 875 3033 andeste
900 2977 1002 3032 nostro
1026 2971 1145 3038 assera]
1171 2969 1288 3029 Perohe

160 3060 206 3100 nn
233 3043 313 3100 male
337 3062 477 3114 avvenga
501 3045 626 3115 bisogna
653 3045 708 3104 eho
727 3046 753 3103 oi
773 3047 818 3103 sia
836 3046 865 3104 la
885 3062 1013 3115 persona
1038 3043 1099 3100 alla
1123 3041 1213 3111 quale
1232 3059 1285 3099 av·
1342 3044 1350 3063 ’

160 3132 278 3185 renga3
300 3132 316 3172 e
334 3116 441 3184 poiche
460 3115 490 3174 la
508 3124 603 3177 morte
623 3117 715 3187 togiie
739 3121 846 3187 questa
870 3135 1007 3187 persona,
1034 3114 1118 3172 nulia
1146 3112 1286 3197 dobbiorn

161 3192 278 3245 temere
299 3187 380 3245 neila
400 3195 510 3258 morte;
529 3189 577 3247 ehi
596 3207 654 3248 non
675 3187 691 3247 ὁ
710 3208 769 3247 non
788 3188 847 3258 pud
867 3207 966 3247 essere
985 3187 1116 3256 infelice,
1135 3184 1173 3243 nd
1189 3183 1236 3242 e’d
1257 3204 1286 3242 in

1 3317 3 3329 ,
160 3258 205 3316 lui
225 3259 400 3328 privaziono
417 3258 446 3316 di
467 3264 563 3331 sorta3
580 3258 634 3320 ohe
654 3260 765 3320 Pavore
784 3280 826 3319 un
839 3262 943 3331 giorno
960 3257 1104 3342 esistitoe
1121 3257 1218 3316 aiiora
1232 3275 1287 3341 per

1 3354 4 3401 ς
49 3376 54 3387 .
161 3331 206 3387 lui
224 3332 253 3390 io
272 3338 369 3390 stesso
390 3331 498 3389 affatto
518 3350 599 3391 eorne
619 3351 650 3390 se
670 3351 729 3390 non
749 3351 854 3391 evasse
873 3332 988 3391 esistito
1013 3349 1081 3388 mar.
1105 3360 1140 3368 -
1168 3329 1182 3386 Ι
1207 3347 1286 3386 versr

1 3446 4 3475 r
38 3412 42 3475 t
160 3403 288 3472 841859,
307 3402 360 3473 git
379 3403 523 3472 singolari
542 3405 590 3474 pei
609 3403 673 3463 loro
693 3409 864 3471 oontenuto
883 3403 1080 3474 appariseono
1101 3418 1200 3460 essere
1213 3401 1285 3458 stati

41 3528 46 3539 ,
160 3474 317 3536 introdotti
337 3477 589 3546 posteriormento
609 3476 658 3534 dai
674 3483 771 3548 poeta,
788 3474 894 3546 poiehd
905 3479 959 3534 860
973 3494 1047 3545 agg„
1065 3478 1179 3557 mentre
1193 3471 1285 3529 fanno

1 3594 6 3603 .
159 3550 274 3618 segnito
295 3549 348 3606 nei
368 3545 458 3606 modo
477 3547 528 3618 pit
546 3549 685 3606 naturaie
704 3548 742 3607 ed
761 3548 899 3607 evidente
919 3567 937 3605 a
955 3549 1019 3619 840,
1036 3564 1095 3605 non
1114 3564 1138 3603 sr
1158 3560 1285 3614 possono

2 3658 8 3692 ι
159 3620 260 3682 invene
281 3620 381 3680 tirare
402 3638 422 3676 a
441 3637 481 3676 un
500 3618 617 3690 iegame
636 3620 732 3690 logico
752 3638 807 3680 eon
825 3621 878 3678 859
897 3638 913 3678 e
929 3616 1104 3702 precedenti
1119 3633 1209 3675 senza
1225 3632 1285 3672 una

2 3731 3 3754 ι
32 3674 50 3771 1¹
152 3693 418 3768 interpretanione
438 3691 553 3750 forrata
573 3710 589 3752 e
609 3692 780 3761 artifieiosa‚
799 3710 881 3751 oome
901 3688 1043 3761 apparrrd
1056 3688 1106 3747 dal
1119 3691 1286 3747 oonrmento

34 3786 40 3795 ·
148 3770 201 3832 ode
219 3789 260 3830 ne
281 3768 412 3828 faremo
434 3762 484 3832 qni
504 3767 591 3822 sotto.
610 3761 680 3822 Oosi
698 3782 791 3832 ponsa
810 3764 905 3821 anohe
918 3763 940 3821 ii
953 3763 1022 3821 Brie
1046 3779 1087 3832 er,
1106 3759 1136 3817 in
1155 3759 1285 3840 Bursian

143 3848 213 3907 1879
229 3864 260 3918 p.
287 3841 346 3901 198
366 3853 437 3906 sgg.
457 3852 474 3893 e
495 3835 575 3894 nella
597 3854 653 3893 sna
677 3834 820 3894 edizione.
846 3834 892 3893 Ne
919 3781 1069 3917 varrebire
1095 3830 1285 3914 trasportarh

136 3921 214 3996 dopo
232 3918 305 3982 367,
330 3926 394 3982 per
414 3906 436 3964 il
452 3911 601 3966 oarattere
615 3907 785 3966 eonoiusivo
798 3906 828 3965 di
840 3904 967 3965 860867.
986 3907 1064 3963 Anzr
1080 3902 1097 3962 ὸ
1111 3903 1214 3962 ohraro
1230 3901 1285 3959 ohe

128 3992 287 4060 Luerezio
310 3986 360 4044 ha
383 3978 466 4038 fatto
484 3978 514 4036 ia
532 3979 678 4048 sgginnta
696 3979 817 4049 proprio
837 3979 896 4049 qui,
915 3981 1079 4048 provocata
1098 3973 1147 4032 dal
1167 3991 1221 4030 suo
1235 3990 1287 4059 ⁴ar·

122 4075 277 4150 gomento
302 4058 371 4119 ohe
395 4068 458 4109 non
479 4049 525 4108 o’d
545 4051 598 4109 Pio
618 4069 649 4109 se
669 4070 729 4109 non
748 4050 823 4109 dove
843 4050 943 4108 anima
963 4065 1084 4176 eoorXo
1098 4064 1170 4104 sono
1184 4051 1286 4102 uniter

212 4157 282 4218 per·
306 4121 520 4192 considerare
539 4123 634 4182 anohe
654 4123 675 4180 il
694 4141 763 4182 easo
782 4123 829 4181 del
849 4121 1018 4181 rinnovarsi
1059 4119 1068 4177 i
1088 4117 1209 4177 oodesta
1225 4133 1285 4173 nra·

119 4152 191 4229 aptr',
