3176 4698
358 240 425 319 210
669 243 734 322 DE
757 245 932 324 RERUM
954 248 1163 326 NATURA

305 407 358 464 335
381 391 515 479 deinde,
540 392 632 482 quod
656 393 795 467 omnino
819 402 947 468 natura
970 397 1122 486 pondera
1146 397 1309 470 deorsum

381 490 498 562 omnia
521 491 690 580 nituntur,
716 517 793 566 curn
819 495 957 585 plagast
981 496 1101 568 addita
1124 520 1216 584 vero,

380 588 555 662 mobilitas
578 590 778 681 duplicatur
801 601 834 665 et
858 593 1009 685 impetus
1033 594 1091 666 ille
1115 595 1299 685 gravescit,

381 694 420 759 ut
444 691 637 761 venentius
661 697 694 761 et
719 692 821 763 citius
845 716 1082 782 quaeeunque
1107 700 1290 765 morantur

381 787 484 859 obvia
508 787 673 859 discutiat
697 789 812 879 plagis
836 791 1009 882 itinerque
1033 802 1207 883 sequatur.

304 915 357 970 340
382 885 529 976 denique
553 887 645 978 quod
669 886 774 977 longo
799 890 893 960 venit
917 890 1054 980 impete,
1079 915 1213 962 sumere
1237 891 1341 963 debet

429 1166 563 1224 tta-339.
583 1166 660 1226 Poii
676 1167 803 1235 fulmini,
819 1168 883 1239 ohe,
902 1166 941 1225 di
961 1167 1125 1237 regola,
1144 1166 1258 1224 oadono
1278 1166 1310 1223 iu
1326 1166 1391 1237 giu,
1412 1185 1486 1227 sono

357 1238 465 1297 eiutati
482 1238 563 1296 dalla
579 1239 662 1297 forza
677 1238 707 1295 di
723 1239 857 1308 gravius:
878 1260 893 1297 e
910 1244 1017 1310 questa
1030 1237 1228 1297 sommondosi
1245 1238 1323 1296 oolla
1336 1238 1487 1297 deseritta

357 1312 440 1369 forna
460 1312 514 1368 ohe
534 1310 554 1367 li
574 1311 613 1367 ha
632 1311 778 1382 soagliati‚
797 1313 827 1369 la
840 1311 905 1370 loro
925 1311 1054 1370 velocita
1073 1309 1090 1368 e
1109 1311 1333 1368 naturalmente
1354 1311 1486 1381 raddop·

356 1384 449 1452 piata,
469 1403 494 1453 e,
513 1380 589 1440 dove
609 1382 787 1452 oolpisoono,
814 1385 825 1440 i
843 1384 907 1442 loro
927 1383 1006 1452 oolpi
1030 1400 1102 1440 sono
1122 1386 1206 1440 ta‘nto
1226 1382 1278 1451 piu
1297 1383 1438 1451 violenti,
1457 1384 1486 1440 si

356 1455 411 1512 ohe
426 1456 699 1513 istantaneaments
718 1456 862 1514 sbalzano
878 1456 928 1513 via
947 1454 1074 1512 oheooht
1095 1455 1158 1512 loro
1177 1455 1202 1512 si
1217 1472 1367 1525 opponga‚
1383 1474 1400 1512 e
1418 1474 1487 1524 pro·

356 1544 488 1595 seguono
515 1526 564 1584 nel
583 1526 647 1585 loro
672 1529 828 1585 oarnmino.
905 1559 933 1567 -
954 1528 1025 1607 33⁵2
1038 1529 1115 1598 quod
1129 1551 1164 1570 =
1178 1529 1336 1598 quoniam
1364 1545 1485 1596 oppure

356 1597 409 1655 o’e
429 1616 468 1654 un
494 1598 616 1667 leggero
640 1599 808 1658 anaooluto.
828 1598 931 1659 Ossia:
957 1599 1100 1656 Luerezio
1119 1599 1159 1655 ho
1179 1598 1358 1655 eominoiato
1379 1617 1398 1656 a
1419 1599 1485 1657 diro

358 1669 495 1728 “inoltre
514 1670 545 1740 (il
566 1671 690 1729 fulmine
710 1670 726 1728 ὸ
745 1671 859 1739 veloce)
878 1669 1034 1740 perchara
1052 1669 1171 1739 gravia
1187 1670 1246 1726 tira
1265 1671 1294 1727 in
1313 1670 1367 1738 giu
1382 1671 1486 1728 tuttii

356 1742 438 1811 oorpi
452 1786 464 1810 „
486 1740 669 1800 intendendo
697 1745 746 1811 poi
766 1744 795 1801 di
815 1745 1001 1812 oggiungere
1023 1743 1035 1766 “
1051 1743 1157 1813 quibus
1182 1745 1212 1799 si
1234 1743 1370 1799 additast
1386 1744 1483 1814 playa

356 1814 388 1881 [il
408 1813 493 1882 oolpo
512 1814 566 1872 ohe
582 1813 706 1884 soaglia]
723 1815 753 1873 la
768 1813 898 1873 uelooitt
913 1818 938 1872 si
953 1813 1120 1882 roddoppia
1134 1834 1164 1883 „3
1183 1832 1232 1870 mo
1247 1813 1383 1872 arrivato
1399 1815 1430 1871 al
1446 1818 1484 1883 si,

355 1885 506 1943 tendendo
528 1887 559 1943 in
583 1886 626 1942 lui
649 1887 659 1942 i
681 1889 739 1944 due
762 1887 902 1945 momenti
930 1905 949 1943 a
974 1884 1104 1944 funderet
1126 1888 1156 1942 in
1178 1904 1217 1942 un
1237 1888 1377 1943 oonoetto
1407 1887 1482 1951 solo,
1568 1955 1569 1960 ἵ

355 1976 448 2028 pensa
468 1957 497 2014 al
517 1957 567 2026 giu
586 1957 669 2015 detto
689 1976 771 2016 oomo
786 1978 818 2016 se
837 1960 882 2016 sia
902 1958 984 2015 detto
1005 1956 1303 2015 subordinatamente
1323 1975 1342 2013 a
1359 1956 1405 2015 oio
1426 1958 1482 2015 ohe
1563 1982 1568 1991 ·

355 2037 401 2087 sta
417 2047 469 2098 per
486 2029 558 2098 dire,
575 2029 653 2086 ossio
669 2048 751 2088 corne
767 2049 798 2088 so
815 2049 921 2089 avesse
936 2029 1019 2087 detto
1035 2031 1175 2100 quoniam
1191 2026 1314 2085 anziehe
1330 2031 1418 2100 quod.
1433 2029 1482 2089 Ne

252 2116 256 2122 ·
356 2101 509 2159 andrebbe
535 2100 673 2158 intendet
698 2102 776 2159 senz’
788 2102 866 2163 altro
885 2103 963 2173 quod
986 2104 999 2126 ‘⁴
1015 2099 1167 2170 perche„
1197 2100 1395 2169 supponendo
1418 2120 1480 2159 uno

355 2178 464 2242 stocos,
475 2191 530 2231 con
540 2173 618 2230 forte
631 2174 868 2244 interpunzione‚
878 2175 974 2242 prima
985 2172 1013 2229 di
1025 2176 1054 2230 si
1060 2194 1067 2243 ;
1084 2170 1138 2230 ohe
1149 2172 1178 2229 la
1188 2190 1280 2229 eausa
1295 2173 1481 2241 generale

356 2244 435 2302 della
451 2244 570 2315 gravitt
584 2248 673 2302 oonta
686 2245 745 2303 ben
758 2264 841 2315 poco,
855 2246 980 2316 desolo,
994 2263 1048 2313 per
1061 2244 1091 2301 la
1107 2244 1257 2302 inutilitas
1274 2242 1321 2300 del
1337 2244 1481 2302 fulmine:

355 2323 444 2375 oonta
468 2335 550 2374 corne
576 2316 725 2374 associata
752 2317 813 2375 ella
830 2318 938 2388 pla9o3
967 2337 983 2374 e
1012 2322 1118 2384 questa
1144 2316 1256 2374 unione
1275 2315 1350 2374 deve
1379 2334 1480 2374 essere

354 2394 434 2447 stota
447 2390 493 2446 sin
507 2388 545 2445 da
560 2389 707 2458 principio
720 2389 741 2446 il
756 2389 894 2458 pensiero
908 2390 938 2446 di
950 2388 1105 2458 Lucretio,
1120 2388 1216 2445 anche
1232 2406 1263 2445 se
1277 2388 1354 2446 sulle
1371 2389 1479 2457 prime,

354 2460 435 2518 nella
454 2479 509 2517 sua
526 2463 722 2529 espressione‚
748 2460 800 2518 s'e
819 2480 859 2517 un
879 2466 1029 2520 momento
1049 2461 1147 2516 sviato
1166 2461 1197 2516 in
1221 2477 1283 2516 una
1303 2460 1401 2517 forma
1420 2461 1477 2517 ohe
1571 2508 1572 2529 2

353 2550 408 2601 par
432 2539 606 2600 presentare
630 2532 739 2589 isolata
766 2532 796 2590 la
816 2533 944 2601 gravat.
1018 2531 1137 2589 --339.
1157 2534 1250 2589 itiner
1269 2530 1322 2588 olr.
1350 2534 1426 2589 itere
1452 2532 1479 2588 V

354 2606 415 2746 535}
488 2633 522 2642 -·
534 2603 621 2671 Sogg.
637 2602 666 2660 di
679 2606 822 2662 discutiat
835 2623 851 2662 e
865 2611 1009 2677 sequatur
1025 2602 1041 2661 ὸ
1055 2607 1188 2675 tropatus,
1205 2603 1259 2661 ohe
1275 2606 1479 2672 roppresenta

371 2693 478 2732 umen.
820 2722 827 2729 ,

424 2744 558 2804 sto-345.
574 2747 678 2814 Questi
697 2748 776 2806 uersi
797 2749 943 2807 meritano
962 2747 1092 2817 speciale
1112 2747 1292 2805 attenzione.
1312 2746 1479 2814 Leggendo
1571 2744 1572 2813 ξ

353 2819 383 2875 la
398 2823 497 2877 esatta
517 2819 692 2877 traduzione
709 2820 757 2878 del
776 2821 884 2879 Munro
904 2822 932 2879 io
952 2822 992 2876 mi
1008 2819 1155 2878 domando
1171 2819 1242 2887 qual
1259 2823 1399 2876 conoetto
1414 2837 1480 2877 eor·
1571 2848 1572 2851 ¹

352 2890 542 2973 rispondesse
557 2891 638 2949 nella
652 2897 751 2975 mente
767 2892 815 2977 flel
829 2893 998 2950 traduttore
1015 2892 1074 2973 alle
1089 2895 1186 2975 esatte
1201 2889 1323 2959 parole3
1340 2909 1355 2974 e
1369 2890 1479 2973 poiche
1571 2962 1572 2967 ἵ

353 2963 735 3105 lgl¹nlllallal⁰nell⁰ll
754 2964 934 3104 tutat
954 2963 1369 3092 tullltlltntttttl
1384 2962 1480 3104 lta

352 3109 439 3164 tuosa
458 3105 596 3177 volunta,
616 3108 656 3175 gli
676 3106 693 3164 ὲ
713 3108 767 3164 ohe
788 3126 853 3167 esso
873 3107 946 3165 eade
966 3106 1005 3163 da
1024 3106 1223 3175 grandissima
1243 3105 1368 3174 alterna,
1389 3123 1406 3163 e
1425 3105 1480 3163 nel

352 3177 444 3246 lungo
467 3178 588 3247 viaggio
613 3180 643 3235 la
667 3197 722 3236 sua
748 3179 878 3237 velocita
903 3178 918 3236 ὲ
944 3179 1057 3236 audate
1083 3179 1327 3236 continuamente
1350 3195 1479 3234 aumen-

352 3251 458 3319 tando;
473 3249 596 3319 giaoohe
609 3250 639 3307 la
652 3250 782 3308 velocita
796 3250 866 3309 d’un
879 3269 969 3319 oorpo
983 3252 1037 3309 ohe
1052 3268 1136 3308 corre
1146 3248 1342 3318 lunghissimo
1352 3249 1478 3318 viaggio
1571 3250 1572 3257 ’

351 3320 427 3380 dore
447 3341 580 3380 urescere
600 3324 878 3394 continuamente.„
900 3323 1098 3380 Formianiooi
1116 3340 1156 3379 un
1173 3324 1331 3379 momento.
1351 3320 1409 3376 uin
1423 3322 1477 3389 qui

349 3393 381 3450 la
401 3412 470 3451 aoso
496 3393 512 3452 ὸ
536 3395 722 3452 abbastanza
746 3395 858 3465 ohiara,
878 3413 894 3452 s
913 3394 942 3452 lo
961 3388 1089 3452 sarebbe
1118 3392 1166 3450 del
1187 3396 1266 3450 tutto
1284 3410 1316 3449 se
1335 3392 1365 3448 la
1384 3391 1477 3460 legge

350 3466 472 3534 propria
488 3465 536 3523 del
548 3471 628 3524 moto
642 3467 673 3523 in
687 3466 797 3524 eaduta
813 3486 872 3524 non
889 3468 1043 3536 apparisse
1060 3465 1111 3534 qui
1123 3464 1345 3533 generalizzata
1359 3481 1377 3519 a
1393 3469 1477 3541 tutte

349 3536 378 3597 le
393 3538 545 3595 direzioni.
561 3538 649 3596 Oerto
663 3539 807 3596 Luerezio
827 3557 920 3607 pensa
935 3542 1105 3607 sopratutto
1120 3537 1181 3594 alla
1197 3535 1307 3593 oaduta
1326 3553 1343 3591 e
1362 3534 1475 3602 perche
1571 3558 1572 3607 r

350 3628 403 3677 per
423 3610 465 3666 lui
485 3609 513 3666 di
533 3610 637 3678 regola
655 3610 664 3666 i
684 3610 802 3667 fulmini
823 3610 936 3668 oudono
952 3610 983 3666 in
1002 3615 1085 3667 terra
1104 3627 1121 3666 o
1141 3625 1227 3665 verso
1247 3611 1329 3664 terra
1349 3604 1400 3673 (us
1422 3608 1475 3663 145

351 3680 404 3738 abi
416 3700 429 3738 a
445 3682 519 3739 nubi
534 3685 566 3739 in
582 3682 687 3739 nubam
702 3685 747 3739 uis
762 3683 871 3739 incidit
884 3683 994 3739 ardeas
1010 3681 1152 3752 fulminis
1166 3678 1183 3737 ὲ
1198 3679 1473 3736 neeessariamente

350 3771 411 3810 una
431 3754 587 3811 eooezione
612 3753 673 3810 alla
692 3753 813 3824 regola3
839 3754 891 3811 cfr.
911 3754 1008 3811 anohe
1027 3753 1108 3810 nella
1135 3751 1245 3808 lettera
1263 3768 1282 3807 a
1301 3747 1417 3832 Pitoole
1437 3769 1473 3806 a:

350 3825 535 3882 ἔκπτωσιν...
552 3824 598 3879 ἐπὶ
612 3820 672 3885 τοὶ-ς
685 3823 757 3880 κάτω
770 3825 887 3894 abnues),
901 3845 916 3883 e
933 3823 1042 3894 perche
1054 3824 1103 3881 nei
1112 3823 1191 3880 versi
1205 3820 1377 3891 precedenti
1392 3819 1473 3876 o’era

349 3897 470 3965 proprio
489 3897 510 3953 il
529 3897 686 3955 sottintoso
706 3898 761 3955 ohe
787 3899 798 3954 i
821 3897 939 3954 fulmini
967 3896 1080 3954 oadono
1107 3896 1138 3951 in
1157 3899 1253 3962 terra3
1279 3892 1416 3975 tutlauia·
1430 3892 1472 3948 mi

311 3971 313 3975 '
349 3986 422 4035 pore
448 3969 503 4026 ohe
527 3969 672 4027 Luorozio
702 3999 733 4008 -
759 3988 819 4027 non
846 3969 1060 4036 oasualmente,
1088 3966 1218 4024 sebbene
1245 3963 1325 4021 forsa
1353 3962 1472 4020 timida·
1569 4004 1570 4007 η

349 4047 449 4098 mente
469 4071 501 4078 -
521 4038 674 4110 s’esprima
690 4041 720 4097 in
740 4041 836 4110 modo,
852 4060 934 4098 oome
950 4060 981 4097 se
997 4040 1019 4097 il
1034 4056 1161 4097 crescere
1181 4037 1275 4094 ailredo
1294 4035 1374 4092 della
1389 4034 1472 4092 velo-

350 4110 410 4167 rita
433 4112 523 4180 volgo
542 4132 596 4182 per
622 4116 700 4170 tutte
727 4114 754 4169 le
775 4112 932 4181 direzioni3
959 4111 1023 4168 diae
1047 4111 1125 4182 qaod
1149 4110 1234 4179 loono
1257 4111 1337 4165 uenit
1356 4111 1470 4176 ammte,

349 4199 409 4239 non
435 4184 512 4255 quod
538 4186 624 4255 loono
644 4185 724 4241 cadit
750 4187 853 4255 torpete
872 4186 901 4252 (e
924 4184 954 4241 lo
973 4190 1084 4253 poleva
1109 4199 1199 4239 sonna
1219 4178 1354 4237 disturbo
1373 4196 1427 4248 per
1445 4177 1468 4234 il
