3168 4698
346 259 413 332 236
658 258 724 332 DE
746 259 922 334 RERUM
946 259 1158 335 NATURA

412 400 478 473 Est
500 400 586 473 haee
608 401 762 475 eiusdem
786 427 921 494 quoque
944 404 1067 493 magni
1089 426 1194 476 causa
1218 405 1399 494 tremoris,

369 506 494 573 ventus
516 499 577 572 ubi
600 507 703 591 atque
733 500 871 574 animae
902 501 1016 574 subito
1040 503 1094 575 vis
1122 500 1278 573 maxima
1303 504 1478 592 quaedam

369 606 430 671 aut
454 597 670 671 extrinsecus
693 605 756 671 eut
777 599 855 689 ipsa
877 599 1001 672 tellure
1026 606 1144 672 coorta

293 726 347 784 530
369 698 407 770 in
429 697 506 771 loca
529 721 565 770 se
589 721 677 770 cave
700 699 808 770 terrai
831 698 989 787 coniecit,
1014 699 1131 790 ibique

370 795 550 887 speluncas
573 795 665 868 inter
687 819 835 886 magnas
858 797 977 869 fremit
1000 803 1081 869 aute
1104 795 1257 869 tumultu

369 894 657 985 versabundaque
680 902 849 985 portatur,
874 903 951 987 post
974 896 1085 968 incita
1108 918 1186 968 cum
1210 895 1264 967 vis

370 993 550 1084 exagitata
572 993 666 1066 foras
689 993 884 1084 erumpitur
908 1002 943 1066 et
967 993 1071 1066 simul
1095 993 1203 1066 altem

370 1092 555 1166 diffindens
576 1100 706 1165 terram
731 1117 899 1184 magnum
923 1093 1108 1167 concinnat
1131 1092 1278 1165 hiatum.

294 1215 348 1272 585
371 1192 408 1265 in
432 1191 534 1282 Syria
558 1189 684 1264 Sidone
707 1192 800 1283 quod
822 1192 952 1265 eccidit
975 1199 1009 1264 et
1032 1192 1100 1263 fuit
1124 1190 1217 1280 Aegi

370 1290 407 1362 in
430 1289 676 1379 Peloponneso,
700 1314 787 1381 quas
809 1289 923 1365 exitus
946 1289 1004 1362 hic
1026 1288 1159 1362 animai

372 1387 546 1459 disturbat
568 1386 671 1459 urbes
694 1394 728 1459 et
750 1395 863 1460 terrae
886 1394 1001 1461 motus
1025 1389 1186 1461 obortus:

372 1485 550 1576 multaque
573 1491 753 1575 praeterea
777 1486 975 1558 ceciderunt
997 1486 1134 1559 moenie
1157 1485 1296 1576 magnis

419 1755 549 1812 stt-sot.
570 1756 706 1813 Ancora:
721 1774 761 1812 un
776 1764 866 1813 rento
882 1756 946 1828 che,
961 1755 1038 1825 dopo
1052 1773 1125 1814 aver
1139 1756 1237 1825 girato
1250 1757 1415 1816 fremendo
1429 1778 1481 1827 per
1556 1756 1557 1819 l

349 1828 377 1887 le
398 1846 472 1886 cave
491 1846 630 1896 saverne,
650 1845 708 1884 non
729 1826 876 1885 trovando
895 1828 945 1884 via
964 1827 1090 1886 d’uscita
1108 1829 1134 1885 si
1153 1828 1263 1886 rivolta
1282 1829 1315 1886 in
1334 1846 1372 1886 su
1393 1848 1412 1887 e
1431 1830 1480 1887 fie·
1556 1826 1557 1887 l

349 1903 485 1959 ramento
504 1899 649 1958 battendo
668 1904 772 1957 contro
791 1899 812 1955 il
832 1902 933 1957 nostro
954 1899 1047 1970 susle,
1072 1900 1139 1958 ovi
1165 1918 1239 1969 apro
1263 1918 1326 1958 una
1354 1919 1477 1971 spacca-

350 1978 420 2030 tura
438 1990 455 2030 e
475 1971 505 2029 di
524 1972 554 2030 lt
573 1988 732 2042 prorompo
757 1970 848 2041 fuori,
872 1989 890 2028 o
915 1990 975 2030 non
1003 1970 1164 2030 riusoendo
1190 1990 1208 2030 a
1231 1975 1319 2031 tento
1347 1978 1477 2042 penetra

349 2062 403 2115 per
422 2043 495 2102 tutti
513 2044 524 2099 i
542 2043 608 2113 pori
627 2041 657 2099 di
677 2047 783 2111 questo
803 2046 906 2100 nostro
925 2043 1018 2110 suolo,
1042 2043 1239 2114 imprimendo
1258 2043 1298 2101 ad
1323 2062 1391 2103 esso
1417 2063 1477 2102 nne

350 2115 550 2175 commonicus
569 2115 720 2184 generals.
735 2113 817 2183 lefr.
842 2114 909 2172 Seu.
928 2115 948 2171 l.
975 2133 999 2172 o.
1025 2122 1078 2173 ent
1105 2117 1235 2187 spiritus
1258 2120 1388 2183 recitatio
1413 2119 1476 2175 iso

349 2194 429 2247 rnotn
457 2205 589 2246 crescens
615 2193 642 2243 et
669 2205 699 2244 se
726 2189 860 2243 incitans
888 2185 925 2243 eb
954 2190 1012 2245 ime
1036 2190 1071 2244 in
1090 2205 1205 2245 summa
1234 2206 1326 2260 usqne
1350 2136 1476 2260 prosdr-

350 2261 423 2325 tur.)
520 2288 554 2298 -
569 2258 630 2314 ott.
650 2263 692 2315 est
710 2257 781 2315 haec
801 2276 912 2329 qnoque
930 2277 1031 2317 cansa.
1116 2288 1152 2299 -
1177 2257 1312 2316 oss-584.
1332 2261 1388 2317 cir.
1412 2262 1477 2317 436-

349 2334 410 2389 438.
486 2359 514 2370 ·-
537 2349 610 2399 enm,
629 2329 722 2388 rende
742 2330 930 2388 anacolutioo
950 2331 972 2387 il
991 2330 1122 2401 periodo,
1147 2328 1351 2398 riprendendo
1372 2331 1394 2389 il
1414 2332 1476 2389 lou·

349 2409 422 2461 tono
441 2402 501 2472 nbi,
519 2406 598 2460 sotto
618 2401 666 2458 oui
686 2401 783 2458 anche
802 2405 909 2470 questa
928 2403 1136 2471 propositione
1152 2408 1208 2460 ste.
1279 2433 1316 2443 -
1328 2402 1397 2460 tsi.
1412 2422 1476 2463 con·

351 2479 455 2533 cinnat
474 2474 599 2541 litatum,
626 2492 680 2542 per
699 2474 793 2530 fermo
814 2473 910 2531 distro
930 2474 1008 2532 l’uso
1029 2474 1181 2544 populere.
1202 2475 1228 2530 Il
1247 2475 1339 2532 verbo
1360 2480 1477 2534 concin-

350 2565 434 2615 nere,
453 2551 540 2603 ussto
556 2545 595 2603 da
613 2545 711 2614 prims
725 2545 940 2603 ironicamente
956 2564 1010 2615 per
1028 2546 1040 2570 ‘⁴
1054 2565 1217 2617 properare
1232 2590 1245 2616 ‚‚
1266 2547 1397 2616 qualche
1419 2566 1476 2605 ms·

350 2620 441 2676 launo
459 2617 596 2684 (meltune
622 2620 737 2687 nepotii
760 2618 857 2675 elicui
881 2621 1062 2676 concinnere
1074 2637 1084 2684 ;
1107 2616 1206 2675 Fedro
1227 2624 1373 2689 qnantum
1393 2620 1476 2677 homo

352 2689 496 2758 bilinpnis
515 2692 668 2747 concinnet
686 2689 779 2759 necli;
802 2707 818 2746 e
838 2688 888 2758 gie
907 2689 1014 2761 Nerio,
1034 2691 1109 2747 Bell.
1130 2689 1237 2748 Peon:
1263 2709 1325 2748 rem
1345 2691 1476 2749 hostium

351 2762 530 2830 concinnat),
548 2761 605 2830 poi,
619 2761 668 2830 pel
684 2761 843 2829 frequente
859 2779 914 2819 uso
932 2766 1081 2819 smusssta
1100 2761 1129 2818 la
1144 2770 1250 2831 punte,
1270 2780 1370 2821 venue
1389 2763 1476 2831 quasi

351 2854 369 2891 a
388 2851 486 2891 essere
506 2851 548 2890 un
567 2832 706 2902 semplice
728 2833 740 2856 “
756 2832 829 2902 fare,
848 2848 1020 2903 preparare,
1040 2832 1186 2902 produrre
1201 2878 1224 2904 „.
1254 2833 1314 2891 (lir-
1333 2834 1355 2891 il
1375 2843 1477 2891 nostro

353 2905 365 2929 ‘⁴
380 2904 574 2962 accomodare
589 2945 611 2973 „.
684 2932 719 2943 —
734 2903 797 2961 585.
817 2905 1062 2963 Probabilmente
1081 2905 1103 2962 il
1122 2908 1285 2963 terremoto
1305 2905 1335 2963 di
1355 2907 1406 2963 cui
1422 2906 1478 2963 sul·

351 2975 505 3035 l'autoritt
524 2975 553 3032 di
572 2975 732 3034 Posidonio
751 2984 894 3033 resecuta
913 2976 1061 3035 Strabone
1079 2997 1108 3046 p.
1127 2978 1162 3034 58
1180 2975 1379 3049 καταποθῆναι
1397 2973 1477 3032 πόλιν

351 3050 506 3125 ἱδρυμένην
525 3041 596 3121 ὑπὲρ
616 3046 738 3108 Σιδῶνος
761 3050 809 3101 καὶ
833 3043 917 3120 αὐτῆς
944 3048 975 3104 δὲ
994 3047 1118 3108 Σιδῶνος
1143 3049 1246 3119 σχέδον
1274 3041 1307 3104 τὰ
1332 3043 1383 3103 dds
1401 3051 1475 3124 μέρη

275 3186 277 3190 ⁴
351 3113 581 3179 πεσεῖν...τδδ”
589 3113 654 3174 errici
667 3113 758 3180 πάθος
772 3122 819 3174 καὶ
833 3118 880 3174 ἐπὶ
893 3114 943 3191 τὴν
955 3122 1064 3192 Συρίαν
1077 3113 1143 3191 ὅλην
1159 3121 1285 3178 διέτεινε.
1337 3124 1479 3191 -Aepi;

353 3193 366 3219 ‘⁴
381 3211 513 3252 sesenna
534 3191 563 3249 al
579 3192 694 3249 famoso
717 3195 880 3250 terremoto
893 3191 941 3249 del
961 3195 1014 3248 372
1033 3211 1080 3250 av.
1100 3191 1141 3263 0.,
1161 3193 1215 3250 che
1235 3191 1336 3260 ingoio
1356 3194 1443 3251 Elice
1463 3212 1478 3249 e

351 3267 433 3324 Bure
449 3284 465 3322 e
482 3263 557 3322 disci
570 3264 686 3321 triremi
701 3267 844 3332 spartane
860 3263 921 3320 alla
940 3271 1036 3321 costa:
1057 3263 1111 3322 Ov.
1123 3270 1187 3321 met.
1201 3264 1261 3321 XV
1275 3265 1328 3322 293
1342 3264 1381 3321 Si
1392 3283 1479 3336 quae·

351 3357 405 3396 ros
423 3336 546 3394 Helicen
563 3342 590 3393 et
609 3336 721 3406 Burin,
739 3335 894 3393 Achaidas
912 3336 1009 3405 nrbes,
1029 3336 1167 3393 Invenies
1185 3337 1240 3394 snb
1256 3340 1364 3408 aquis;
1384 3338 1476 3394 citato

352 3410 403 3480 piu
422 3408 504 3466 volte
523 3407 561 3465 de
577 3408 708 3465 scrittori
728 3408 809 3475 greci
824 3425 841 3464 e
856 3407 961 3478 latini3
977 3406 1016 3465 da
1032 3408 1145 3466 Seneca
1161 3407 1213 3476 pu
1228 3407 1258 3464 di
1273 3426 1335 3465 una
1349 3409 1445 3478 volta,
1464 3427 1479 3465 e

351 3502 379 3550 p.
399 3500 439 3539 es.
459 3479 531 3538 Nar.
551 3486 662 3550 quaest.
681 3478 727 3535 IV
745 3481 796 3536 23:
819 3478 1018 3537 Callisthenes
1037 3483 1070 3537 in
1091 3478 1179 3536 libris
1194 3479 1302 3551 quitus
1317 3481 1477 3552 descripsit

352 3570 436 3625 quern
460 3553 501 3610 cd
514 3553 633 3610 niodum
652 3549 754 3608 Helice
773 3551 925 3622 Burisqne
943 3571 1057 3609 mersae
1073 3557 1151 3616 sont,
1167 3554 1236 3621 quis
1251 3551 1325 3609 illos
1339 3570 1431 3610 cesus
1447 3556 1477 3609 in

351 3624 504 3683 rnare'rel
528 3628 561 3681 in
582 3623 656 3681 illas
676 3642 760 3680 mare
782 3626 934 3687 ininrersit
958 3625 1031 3681 dicit
1058 3624 1091 3680 iel
1114 3624 1192 3694 qnod
1216 3626 1250 3679 in
1268 3627 1477 3694 prioreparte

353 3699 537 3755 dictumest:
556 3694 568 3720 “
584 3698 711 3766 spiritns
723 3698 822 3752 intrat
841 3702 953 3753 terram
967 3714 1021 3765 per
1037 3696 1150 3754 occulto
1163 3693 1328 3764 foramine,
1341 3696 1477 3766 quernei·

353 3770 471 3828 rnodnrn
482 3767 598 3839 ubique,
611 3769 656 3824 ito
671 3773 697 3824 et
710 3768 763 3824 sub
775 3770 864 3824 inari.
877 3768 982 3824 deinde
996 3786 1060 3824 curn
1070 3767 1236 3824 obstructus
1247 3773 1289 3824 est
1301 3767 1354 3824 ille
1368 3773 1479 3824 trames

351 3858 504 3913 perquem
522 3840 720 3904 descenderat,
740 3840 869 3896 reditum
888 3845 986 3896 autern
1012 3839 1064 3896 illi
1088 3857 1107 3896 a
1127 3845 1207 3908 trrpo
1234 3841 1380 3896 resistens
1400 3856 1479 3911 eque

353 3913 486 3980 obstulit,
506 3911 562 3969 hnc
582 3917 609 3967 et
627 3910 701 3968 illuc
720 3910 853 3981 refertur
875 3916 903 3967 et
919 3911 981 3968 sibi
997 3915 1059 3982 ipse
1085 3928 1242 3968 occurrens
1261 3917 1375 3968 terram
1403 3911 1480 3968 lebe-

353 3984 456 4055 foctet.
481 3983 627 4041 Luerezio
649 3982 770 4040 nomina
792 3983 929 4052 Accium,
952 4001 1035 4040 come
1058 3981 1132 4039 cittis
1150 3982 1251 4039 vicine
1270 3982 1300 4039 sl
1319 3982 1412 4051 luogo
1432 3981 1479 4039 del

353 4057 523 4113 terremoto.
551 4053 659 4112 Inietti
686 4053 753 4113 Son.
774 4054 792 4110 Ι.
808 4072 832 4110 c.
860 4073 934 4124 capo
962 4056 998 4111 25
1026 4054 1083 4111 illc
1108 4060 1193 4111 cesta
1222 4057 1375 4112 concussio
1404 4072 1479 4126 quae

354 4127 431 4184 duas
459 4129 624 4198 suppressit
651 4125 739 4183 uides
766 4124 891 4183 Helicen
914 4132 942 4183 et
966 4127 1069 4184 Burin
1102 4129 1183 4183 circe
1210 4125 1340 4197 Arpinrn
1373 4128 1481 4184 consti·
1531 4186 1534 4193 ,

355 4201 399 4254 tit.
423 4241 434 4270 ,
455 4197 494 4253 M.
582 4227 617 4237 —
647 4196 711 4254 est.
741 4196 891 4257 disturbet
920 4198 1184 4272 (winterhard),
1215 4198 1304 4261 cfr.·I
1336 4199 1371 4256 to
1403 4199 1480 4260 inri-
