3102 4692
341 225 405 299 114
655 220 720 299 DE
743 221 918 301 RERUM
941 222 1150 300 NATURA

361 395 431 441 una
455 370 528 442 dies
552 369 678 441 infesta
701 370 767 441 tibi
789 378 840 442 tot
866 370 1019 461 praemia
1043 369 1155 441 vitae’

360 470 448 541 illud
470 470 506 541 in
531 469 585 542 his
601 470 710 542 ‘rebus
733 495 800 543 non
827 471 969 558 addunt,
995 477 1079 541 ‘neo
1102 470 1167 541 tibi
1191 492 1311 541 aarum
1375 529 1378 532 .

361 569 429 640 iarn
455 566 664 640 desiderium
687 590 803 640 rerum
828 594 930 660 super
953 568 1080 640 insidet
1104 567 1236 639 ullum'.

284 682 337 753 ‘900
360 667 452 756 quod
476 667 560 738 bene
584 666 614 738 si
636 667 779 738 videant
802 668 917 739 animo
941 667 1110 756 dictisque
1135 672 1334 756 sequantur,

360 765 552 838 dissoluant
577 765 686 836 animi
709 789 839 856 magno
864 791 899 839 se
923 790 1053 856 angore
1076 772 1247 856 metuque.

360 865 415 935 ‘tu
438 863 577 954 quidem
602 870 640 934 ut
664 888 699 936 es
723 864 793 935 loto
817 865 959 955 sopitus,
984 864 1035 936 sio
1057 864 1125 936 eris
1150 863 1228 936 aevi

361 963 453 1053 quod
476 970 653 1052 superest
677 963 811 1035 cunctis
836 964 985 1052 privatu'
1011 963 1187 1034 doloribus
1211 962 1348 1052 aegris:

359 1070 395 1132 at
419 1085 481 1132 nos
504 1059 666 1132 horrifico
691 1060 900 1133 cinefactum
923 1068 957 1132 te
982 1085 1085 1151 prope
1109 1062 1209 1132 husto

285 1186 337 1243 905
359 1158 604 1231 insatiabiliter
628 1158 843 1249 deflevimus,
868 1166 1115 1249 aeternumque

359 1256 457 1329 nulla
481 1256 553 1329 dies
577 1257 676 1328 nobis
700 1281 870 1330 merorem
894 1283 920 1355 e
936 1267 1073 1348 pectore
1096 1258 1230 1330 demet)

341 1455 551 1466 ..........-.-.-—-

306 1641 308 1645 ,
336 1593 451 1632 summo
468 1574 572 1645 pratia
590 1591 659 1640 ecee,
684 1571 739 1631 ohe
758 1591 911 1631 accennan
930 1572 1016 1632 hensi
1039 1592 1057 1631 a
1076 1592 1117 1630 uu
1136 1571 1213 1631 fatto
1236 1572 1381 1631 ssteriore
1400 1572 1463 1631 alla

336 1665 473 1716 persona,
493 1665 540 1702 ma
560 1646 641 1703 nella
659 1645 723 1703 loro
743 1650 924 1703 astrattezza
943 1647 968 1703 si
986 1650 1167 1715 prcsentano
1192 1644 1287 1702 anche
1311 1662 1394 1703 come
1414 1664 1464 1703 ca-

335 1719 442 1776 ratteri
461 1717 629 1787 personali3
655 1717 708 1787 pih
727 1716 845 1774 difficile
873 1717 889 1775 d
908 1718 929 1774 il
949 1736 1037 1787 passo
1063 1737 1081 1774 a
1100 1716 1228 1785 qualche
1248 1733 1317 1774 cosa
1336 1715 1366 1772 di
1391 1735 1463 1775 oon·

337 1796 418 1848 creto
450 1809 465 1848 e
495 1790 620 1848 insieme
652 1790 796 1847 esteriore
827 1788 887 1846 alla
918 1808 1045 1858 persona
1075 1789 1106 1846 in
1135 1786 1176 1855 sd,
1206 1806 1288 1845 come
1319 1787 1462 1859 florentia

336 1860 429 1932 facto.
501 1891 533 1900 —
560 1861 621 1917 896.
646 1863 755 1919 misero
780 1864 893 1918 inisero.
918 1861 978 1920 Oic.
998 1863 1039 1919 od
1057 1861 1120 1918 Aa.
1138 1860 1186 1917 III
1207 1861 1242 1917 23
1262 1860 1287 1916 5.
1307 1879 1391 1931 quem
1410 1878 1461 1930 epo

335 1937 475 1991 miserum
484 1937 591 1991 misere
601 1933 729 2003 perdidi.
741 1931 819 1989 Vcdi
833 1933 903 1989 altri
917 1934 1028 2003 esempi
1040 1933 1072 1990 in
1086 1932 1202 1989 Munro.
1257 1961 1292 1970 -
1301 1931 1365 1989 898.
1379 1932 1462 1990 Nota

335 2006 357 2061 il
372 2009 524 2064 contracto
540 2004 619 2062 della
631 2005 723 2062 breve
740 2023 755 2062 e
772 2004 848 2061 dura
862 2005 1000 2075 risposta.
1065 2035 1097 2043 -
1110 2004 1177 2060 899.
1194 2002 1298 2073 allum,
1310 2003 1414 2061 insece
1430 2003 1462 2061 di

335 2096 402 2150 mss·
427 2095 443 2134 e
468 2077 541 2134 ediz.
564 2094 636 2145 cerea,
657 2076 712 2133 ohe
734 2094 793 2133 non
814 2076 891 2134 vedo
916 2095 1013 2134 masso
1040 2076 1069 2133 in
1099 2079 1231 2144 sospetto
1253 2075 1291 2131 da
1317 2092 1461 2147 nessun03

335 2169 384 2205 rna
405 2149 459 2205 che
481 2149 506 2205 oi
529 2148 560 2204 fa
579 2148 631 2216 qui
653 2147 739 2205 aaa?
756 2147 878 2205 insieme
899 2149 1006 2206 aehe?
1028 2147 1168 2217 “sparite
1187 2146 1286 2215 quello
1309 2165 1376 2204 cose
1398 2166 1461 2205 uon

336 2221 358 2278 ti
372 2218 487 2278 testera
499 2219 622 2276 insieme
637 2219 839 2287 collaperdita
853 2219 883 2277 di
898 2215 997 2288 quelle
1014 2238 1080 2278 cose
1094 2226 1128 2289 „t
1147 2219 1249 2287 Leggo
1265 2218 1360 2276 ullum
1375 2237 1461 2277 come

334 2293 395 2349 920.
474 2322 502 2330 -·
522 2309 611 2361 super
629 2291 777 2363 thaidem
796 2292 849 2348 cfr.
863 2310 952 2363 saper
971 2310 1041 2360 esse,
1058 2309 1147 2362 saper
1160 2289 1275 2360 habere,
1295 2309 1384 2362 super
1401 2309 1461 2348 rne-

254 2380 256 2386 ⁴
335 2366 465 2419 misisse.
546 2393 568 2399 m
583 2362 645 2418 900.
667 2361 680 2386 “
692 2361 817 2429 Quando
837 2363 1000 2423 intendano
1019 2364 1096 2420 hene
1112 2360 1166 2427 oid,
1186 2369 1461 2420 eooerentemente

333 2434 485 2504 parlinn„
505 2432 698 2503 veramente,
711 2453 764 2503 per
779 2434 805 2492 lo
818 2453 915 2503 scopo,
935 2435 980 2493 oid
994 2435 1049 2492 che
1065 2434 1194 2503 importa
1210 2432 1226 2490 ὲ
1241 2432 1263 2488 il
1277 2433 1345 2491 bene
1358 2437 1461 2493 animo

334 2506 441 2572 uidere,
461 2523 518 2562 non
538 2505 559 2561 il
579 2506 667 2562 dictis
685 2509 774 2577 sequi.
794 2506 938 2564 Lucrezio
957 2507 982 2563 si
1001 2506 1134 2563 riferisce
1154 2503 1206 2574 qui
1224 2504 1462 2564 all'incoerenza

333 2584 381 2634 tra
400 2576 529 2647 principi
547 2577 707 2645 professati
726 2597 742 2635 e
761 2579 864 2636 intimo
884 2579 996 2636 sentire
1022 2578 1076 2635 che
1095 2577 1135 2633 ha
1154 2575 1205 2646 gia
1224 2580 1340 2635 toccata
1359 2577 1422 2647 874,
1442 2597 1461 2636 e

334 2667 388 2707 con
410 2667 472 2706 una
491 2648 590 2723 specie
614 2648 643 2706 di
667 2643 780 2724 ὕστερον
799 2644 934 2724 πρότερον
958 2650 1029 2707 vuol
1048 2649 1112 2706 dire
1134 2647 1193 2705 “so
1213 2655 1312 2719 questo
1331 2647 1461 2707 dinanno

333 2738 350 2778 c
375 2727 473 2791 questo
493 2720 587 2777 anche
610 2721 687 2777 bene
714 2721 931 2779 intenderanno
946 2762 969 2788 ‚,.
996 2721 1123 2790 [Heinzc
1143 2718 1265 2777 intende
1285 2721 1374 2778 dictis
1392 2739 1461 2792 seq„

332 2810 387 2861 per
401 2792 541 2859 analogia
555 2810 610 2849 con
623 2796 758 2863 uestipir's
776 2797 861 2865 sequi
878 2794 941 2850 Liv.
961 2794 1007 2850 IX
1026 2795 1061 2850 45
1081 2794 1123 2861 16,
1142 2810 1225 2849 corne
1244 2810 1286 2848 uu
1310 2791 1323 2816 ‘⁶
1336 2793 1461 2861 seguino

332 2864 362 2919 la
382 2864 432 2920 via
451 2863 583 2921 indicata
598 2863 678 2922 dalle
690 2864 793 2932 parole
813 2909 840 2933 „‚
861 2884 876 2922 e
896 2862 960 2922 ciod
976 2864 1008 2927 le,
1018 2864 1120 2933 parole
1134 2863 1278 2932 implicite
1293 2864 1324 2920 in
1338 2865 1460 2922 addere.

332 2934 383 2991 Ma
396 2935 493 3003 questi
507 2933 561 2993 tali
579 2953 597 2992 u
609 2954 652 2994 on
666 2937 802 2994 addunt!
819 2935 906 3006 Epoi
921 2950 1035 3006 quanto
1052 2938 1067 2990 ὸ
1083 2935 1185 2993 chiaro
1198 2937 1332 3005 vestiatis
1347 2935 1460 2995 hostem

332 3010 422 3078 sequi,
442 3007 619 3065 altrettanto
640 3005 656 3064 d
676 3026 781 3066 oscuro
801 3009 889 3066 dictis
907 3026 1006 3065 oerum
1018 3010 1103 3079 sequi
1114 3026 1167 3075 per
1185 3004 1304 3064 “ander
1318 3006 1414 3066 dietro
1428 3008 1461 3065 al

332 3096 404 3136 vero
423 3097 477 3146 per
495 3077 525 3134 la
545 3079 594 3136 via
612 3094 739 3147 segnata
758 3079 836 3137 dalle
855 3081 968 3148 parole.
982 3081 1009 3147 „]
1081 3110 1116 3117 -
1133 3077 1197 3134 902.
1210 3082 1331 3150 sopitas.
1343 3078 1460 3146 Questa

332 3147 348 3206 ὸ
368 3151 397 3206 la
416 3151 520 3219 parole
540 3169 575 3206 su
588 3150 635 3207 oui
649 3151 721 3208 cade
735 3150 887 3216 l’aoeanto,
908 3150 971 3209 dirh
985 3150 1054 3220 cosi,
1068 3151 1116 3208 del
1130 3167 1232 3220 sens03
1252 3169 1268 3207 e
1281 3151 1306 3207 si
1319 3149 1378 3219 pud
1392 3150 1459 3209 dire

332 3222 387 3279 ohe
397 3220 413 3278 ὸ
425 3229 548 3285 usata‚o
562 3221 679 3279 almeno
692 3223 790 3279 intesa
799 3223 848 3279 dal
859 3230 957 3292 poeta,
967 3242 1027 3281 non
1039 3225 1067 3278 in
1078 3241 1165 3280 senso
1177 3221 1316 3290 figurato.
1329 3221 1378 3279 Ad
1390 3241 1460 3280 essa

332 3292 432 3350 infatti
448 3292 589 3350 s’attacca
605 3294 634 3350 la
647 3293 775 3363 risposte
787 3296 918 3366 aot-9093
935 3294 987 3352 ofr.
1001 3296 1061 3352 918.
1116 3322 1149 3333 -
1164 3291 1234 3351 aot.
1248 3293 1427 3364 cinefactum
1440 3294 1459 3352 ὸ

331 3365 467 3432 spiegato
483 3363 521 3420 da
536 3364 650 3423 Nonio:
670 3369 703 3422 io
715 3370 842 3423 cinerem
855 3367 1040 3423 dissolutam.
1053 3366 1173 3422 Lachm.
1187 3365 1342 3434 s’oppoue,
1358 3384 1374 3422 e
1390 3366 1459 3424 dice

332 3436 386 3493 ohe
400 3453 453 3504 per
465 3435 511 3491 dir
524 3435 568 3493 cio
582 3434 733 3494 dovrobhe
747 3456 846 3496 essere
860 3437 1054 3507 cinifootarm
1074 3436 1128 3494 ehd
1145 3435 1339 3506 cinefactusd
1357 3438 1460 3506 paral-

330 3506 389 3565 lelo
405 3505 621 3577 ateoeefactus,
634 3507 807 3579 rubefactus
820 3509 868 3578 (da
880 3516 997 3573 tumere,
1010 3507 1136 3576 rubere),
1150 3527 1166 3565 e
1182 3509 1285 3566 deriva
1299 3508 1403 3577 quindi
1418 3507 1459 3567 da

330 3597 372 3635 un
388 3582 486 3641 cinere
503 3579 637 3650 intrans,
657 3599 672 3636 e
688 3599 778 3651 prope
796 3580 962 3651 cinefactus
980 3579 1116 3648 significa
1132 3582 1186 3651 qui
1203 3582 1265 3638 iam
1284 3583 1394 3638 cineris
1413 3599 1459 3639 eo-

332 3651 422 3707 lorem
440 3657 467 3709 et
485 3652 653 3721 adspectum
672 3659 800 3709 nocctes
819 3659 868 3710 est.
889 3651 1056 3720 “Dnnqua
1076 3650 1140 3710 dico
1160 3651 1181 3708 il
1200 3651 1317 3721 Munna,
1333 3652 1457 3710 Lachm.

331 3720 369 3778 da
388 3721 439 3790 qui
458 3740 477 3779 a
497 3722 612 3780 bustum
631 3723 652 3778 il
671 3722 839 3791 significato
859 3724 888 3780 di
902 3725 1012 3782 tomba.
1026 3762 1042 3790 „
1062 3724 1106 3780 La
1119 3741 1327 3792 oonseguenza
1340 3741 1400 3781 non
1415 3724 1458 3782 mi

329 3812 384 3920 gar
403 3793 581 3852 necessaria.
600 3793 753 3863 L'aggett.
780 3796 953 3865 horrificum
976 3793 992 3852 ὲ
1018 3795 1178 3852 manifesto
1204 3813 1297 3864 segno
1323 3796 1378 3852 che
1404 3797 1458 3865 qui

350 3872 446 3924 ustam
465 3866 504 3922 ha
523 3866 544 3922 il
564 3884 617 3922 suo
637 3866 804 3940 significato
823 3867 975 3935 primitivo
995 3866 1026 3923 di
1046 3868 1126 3924 locus
1144 3870 1176 3924 in
1197 3885 1253 3937 quo
1265 3874 1401 3925 mortuus
1414 3873 1458 3925 est

329 3937 501 4002 combustus,
527 3955 543 3994 e
563 3938 683 3994 Lachm.
703 3939 762 4008 pud
782 3939 866 3996 roler
885 3937 1051 4006 intendere,
1077 3956 1159 3995 come
1179 3938 1290 3996 inclina
1311 3957 1331 3995 a
1355 3940 1456 3996 inten-

329 4007 400 4066 dere
419 4010 447 4067 lo
466 4014 561 4066 stesso
581 4009 697 4080 Munro,
715 4010 737 4066 il
756 4010 851 4080 primo
870 4008 966 4067 stadio
993 4008 1073 4066 della
1092 4009 1307 4080 combustione,
1333 4010 1456 4079 quando

328 4078 349 4136 il
369 4079 516 4138 cadavere
536 4099 574 4136 ra
594 4081 801 4139 annerendosi.
829 4081 878 4138 Mu
903 4081 1182 4150 l’intorpretazione
1208 4082 1247 4138 mi
1272 4100 1327 4151 par
1347 4091 1456 4153 troppo

326 4152 490 4215 artificiosa
510 4171 563 4225 per
579 4152 733 4223 Luorczio,
754 4173 770 4212 c
790 4154 819 4211 la
838 4152 1005 4211 dottissima
1025 4160 1097 4210 nota
1110 4153 1138 4210 di
1154 4153 1327 4212 Lachmann
1341 4173 1402 4212 non
1416 4156 1455 4213 mi
