3148 4696
308 303 351 376 24
625 299 690 376 DE
712 298 887 376 RERUM
911 296 1118 375 NATURA

255 466 308 522 180
330 468 497 535 perquam
521 443 723 534 corporibus
746 442 877 517 factum
902 450 1069 516 constare.
1089 441 1126 514 id
1148 442 1199 514 ita
1222 465 1296 516 esse

330 540 413 614 hinc
436 541 516 615 licet
539 542 702 615 advertas
726 543 881 614 animum
905 548 945 613 ut
967 564 1168 631 pernoscere
1193 540 1312 631 possis.

328 640 381 712 nil
399 640 487 737 adeo
510 640 585 712 fieri
609 638 710 713 aeleri
734 640 867 713 ratione
891 638 1039 727 videtur,

329 762 434 830 quam
458 739 525 812 sibi
547 762 645 811 mens
668 738 742 811 fieri
765 738 927 830 proponit
949 743 983 812 et
1006 737 1147 810 inchoat
1170 737 1263 828 ipsa:

307 1061 364 1120 tesi
383 1061 431 1120 del
449 1061 614 1132 paragrafo
641 1065 787 1131 seguente
808 1062 935 1130 231-257,
961 1060 1010 1121 dei
1035 1063 1225 1131 componenti
1249 1060 1431 1121 dall’anima

307 1135 397 1202 (unde
415 1137 581 1194 constiterit
600 1133 659 1192 “di
678 1133 761 1204 quali
780 1134 922 1192 elementi
942 1135 1038 1193 consti
1050 1135 1087 1203 „).
1112 1164 1142 1174 -
1174 1138 1294 1193 animus
1312 1137 1359 1192 sta
1379 1134 1430 1203 qui

306 1224 361 1276 per
377 1209 500 1265 anianus
519 1204 546 1264 et
564 1209 676 1278 antara,
695 1205 760 1265 dice
779 1205 801 1263 il
819 1206 936 1265 Munro.
956 1205 1009 1265 cio
1028 1204 1046 1265 ὸ
1067 1223 1137 1265 vero
1149 1205 1429 1272 rostannialmente3

306 1277 380 1348 perd
399 1279 430 1335 in
448 1282 554 1348 questo
572 1284 723 1337 momento
740 1277 886 1337 Lucrezio
904 1296 1007 1348 pensa,
1034 1296 1066 1335 se
1085 1296 1145 1337 non
1169 1278 1428 1348 esclusivamente,

307 1351 456 1408 anzitutto
474 1349 655 1418 unanimus,
674 1350 704 1408 al
724 1349 814 1419 quale
832 1350 858 1407 si
876 1348 1011 1408 riferisoe
1028 1350 1050 1407 il
1062 1350 1158 1419 primo
1174 1357 1349 1419 argomento
1365 1350 1430 1416 (cfr.

306 1440 388 1480 mens
404 1423 479 1492 183)‚·
499 1440 515 1480 e
534 1423 631 1481 anche
644 1421 725 1480 uelis
737 1421 928 1481 conclusione
941 1421 971 1480 di
984 1440 1050 1481 esso
1063 1421 1185 1480 nomina
1199 1423 1221 1480 il
1234 1422 1297 1481 solo
1311 1425 1431 1480 animus

307 1494 395 1563 (203);
409 1494 461 1568 cfr.
474 1497 547 1551 uota
560 1513 579 1552 a
590 1495 719 1552 lul-176.
732 1493 827 1552 Passa
839 1494 888 1563 poi
901 1493 931 1550 al
943 1494 1115 1564 complesse,
1129 1494 1430 1564 inavrertitamente;

309 1584 325 1623 e
343 1565 433 1623 l'eius
452 1564 482 1622 di
500 1567 555 1623 208
573 1567 598 1623 si
616 1565 751 1623 riferisce
771 1564 1012 1624 materialmente
1032 1564 1188 1623 all'anirne‘
1205 1565 1236 1623 di
1250 1567 1312 1637 203,
1330 1583 1379 1623 ma
1398 1565 1429 1622 in

307 1636 406 1694 realta
423 1637 585 1695 abbraccia
604 1637 654 1706 gia
673 1638 683 1694 i
702 1636 770 1701 due,
794 1641 1032 1707 espressameute
1052 1636 1198 1695 nominati
1224 1638 1325 1697 subito
1344 1638 1430 1706 dopo,

306 1709 367 1777 212,
381 1727 397 1766 e
413 1708 494 1779 nella
504 1709 703 1778 conclusione,
715 1710 769 1774 228
780 1707 904 1779 (mentis
915 1715 1058 1775 naturane
1071 1712 1265 1781 animaeque).
1321 1737 1353 1748 -
1365 1727 1431 1768 con·

307 1783 427 1851 stiterit,
445 1780 467 1838 il
486 1770 561 1850 peri.
577 1799 633 1839 con
651 1781 752 1850 signif.
768 1780 798 1837 di
817 1799 893 1850 pres.
913 1799 996 1840 come
1015 1779 1430 1839 1420.cfr.0v.ar311478

307 1855 502 1910 constiterant
519 1853 708 1922 (=stabant)
726 1871 786 1911 uno
810 1852 925 1924 semina
944 1856 1047 1981 utrque
1072 1852 1132 1911 loco
1150 1853 1223 1910 Hor.
1242 1852 1296 1935 Oct.
1315 1853 1331 1910 Ι
1350 1855 1367 1910 9
1384 1869 1432 1922 pe·

307 1923 395 1996 tuque
413 1923 541 1998 flumina
560 1927 756 1983 constiterint.
776 1924 836 1982 Oia.
856 1923 940 1982 Fam.
960 1924 987 1981 V
1005 1925 1021 1981 1
1041 1926 1073 1981 17
1094 1927 1156 1982 tune
1181 1926 1293 1983 uideris
1311 1928 1346 1982 in
1365 1941 1430 1982 sen·

307 1999 401 2065 tentia
416 2000 592 2055 constitisse.
608 1997 648 2054 ad
660 1995 803 2054 Att.VIII
816 1998 848 2053 ll
863 1996 979 2054 leuatur
991 1999 1069 2054 enirn
1084 2014 1158 2053 cura
1172 2000 1268 2054 amnis
1280 2014 1345 2055 cum
1360 2013 1427 2054 aon·

306 2069 385 2125 stitit
400 2068 567 2126 consitium.
583 2067 671 2137 Sauo,
690 2085 773 2126 come
792 2069 994 2139 adamantur,
1016 2066 1080 2126 reri
1095 2068 1228 2137 perfetti,
1248 2067 1302 2127 che
1322 2067 1430 2126 dicono

307 2156 389 2198 esser
416 2144 640 2211 sopravrenuta
664 2157 726 2197 una
749 2138 821 2197 data
846 2138 1069 2210 condizione3e
1094 2141 1145 2198 uoi
1172 2139 1359 2198 traducismo
1383 2138 1430 2197 col

306 2215 456 2282 presente,
472 2210 598 2269 dicendo
613 2210 631 2267 l’
639 2210 763 2269 asistere
776 2210 806 2268 di
819 2211 921 2280 quella
936 2210 1120 2269 corrdizione.
1192 2242 1225 2279 .··
1239 2212 1301 2268 180.
1313 2210 1429 2282 facturn

307 2289 461 2354 constare;
479 2283 660 2342 basterebbs
675 2302 715 2341 uu
735 2281 784 2340 dei
802 2282 869 2341 due.
888 2266 989 2342 iluna
1009 2282 1058 2341 dei
1072 2282 1125 2353 piir
1144 2283 1296 2353 frequenti
1316 2284 1377 2340 cast
1398 2282 1430 2340 di

306 2362 495 2421 abundantia
505 2363 686 2420 lucretiana.
702 2345 728 2421 Ei
742 2363 839 2421 simile
855 2370 973 2435 eruptos
985 2363 1106 2422 oomatI
1117 2363 1169 2420 724
1240 2362 1431 2421 -181.ta‘nc

307 2433 546 2504 &anacoluticm
566 2433 621 2492 che
640 2452 701 2493 non
715 2452 754 2493 ra
773 2453 828 2503 per
846 2434 867 2492 it
886 2453 974 2494 senso
994 2453 1050 2494 con
1069 2434 1136 2493 licet
1154 2438 1225 2504 (non
1248 2434 1273 2493 si
1292 2438 1387 2493 tratta
1401 2433 1431 2492 di

307 2507 378 2564 hinc
397 2507 485 2565 licere
504 2507 569 2564 adu.
589 2508 681 2564 anina.
700 2523 749 2564 ma
768 2507 798 2564 di
818 2507 888 2565 hinc
933 2507 1104 2575 ernestone),
1134 2524 1150 2564 e
1179 2524 1239 2564 non
1263 2525 1302 2564 va
1327 2525 1381 2576 per
1399 2505 1431 2563 ia

307 2578 495 2636 costruzione
514 2595 570 2636 con
587 2596 759 2650 pernoscere
779 2579 860 2645 (licet
878 2598 897 2637 a
919 2585 1017 2637 certas
1036 2582 1170 2637 animum
1193 2585 1226 2636 ut
1239 2582 1339 2650 possis
1357 2578 1429 2636 hinc

305 2650 478 2721 pernoscere
488 2648 518 2722 ?)
544 2650 594 2706 Ma
614 2650 684 2707 hina
701 2655 748 2707 sta
767 2650 819 2720 qui
842 2669 925 2709 come
950 2669 982 2708 se
1006 2649 1033 2707 ci
1052 2650 1147 2708 fosse:
1175 2651 1245 2708 dinc
1270 2651 1337 2708 ticet
1361 2668 1431 2720 per·

306 2739 421 2793 noscas,
449 2721 479 2778 di
498 2719 547 2779 cui
565 2721 587 2779 il
607 2738 693 2781 verso
712 2739 772 2779 non
791 2721 808 2779 e
828 2723 883 2780 che
902 2740 964 2780 uua
983 2721 1169 2791 tautologiae
1190 2721 1428 2792 amplificazione

308 2792 401 2863 (lieet,
414 2793 542 2865 possis).
616 2822 647 2832 -
669 2792 721 2848 182
740 2812 783 2863 ag.
802 2793 859 2852 Na
877 2795 996 2852 uidetur
1013 2793 1084 2865 fiere·
1101 2794 1173 2851 adeo
1192 2794 1284 2852 celeri
1300 2797 1427 2864 ratione,

306 2883 394 2941 quam
413 2865 503 2922 ceteri
519 2869 638 2923 ratione
656 2864 726 2936 fieri
742 2883 824 2923 mens
842 2865 903 2924 sibi
914 2868 1058 2938 proponit
1077 2871 1104 2923 et
1121 2868 1189 2936 ipsa
1208 2866 1336 2925 inchoat.
1355 2865 1425 2923 Nou

306 2937 332 2993 si
347 2935 423 2994 rede
438 2937 587 3005 conrpiere
600 2955 730 2995 nessuna
743 2938 849 2995 anione
865 2942 950 2995 tanto
969 2937 1177 3007 celeremente‚
1193 2943 1306 3006 quanto
1319 2937 1430 2995 celere-

306 3012 407 3066 mente
419 3007 448 3067 lo
464 3008 568 3077 spirito
582 3007 612 3065 la
626 3027 720 3078 pensa
733 3026 749 3066 e
762 3009 886 3067 insieme
899 3010 924 3067 si
937 3008 1040 3067 decide
1053 3026 1072 3066 a
1085 3008 1171 3066 faria.
1184 3007 1310 3076 Quando
1324 3009 1350 3066 ci
1362 3026 1430 3079 pro·

306 3080 445 3150 poniamo
458 3079 487 3137 di
499 3080 547 3137 far
560 3079 688 3150 qualche
703 3098 782 3150 cosa,
792 3081 822 3138 la
835 3087 934 3139 mente
947 3081 971 3137 si
986 3085 1184 3149 rappresenta
1196 3084 1305 3150 questa
1316 3081 1430 3142 anione.

306 3151 336 3209 la
350 3151 390 3216 sa,
406 3153 436 3209 in
450 3155 533 3210 certo
552 3151 647 3219 modo,
666 3152 697 3209 in
717 3153 872 3225 pensiero.;
891 3150 957 3210 ela
975 3151 1107 3222 rapidita
1125 3150 1155 3209 di
1174 3159 1280 3220 questo
1293 3152 1363 3224 fieri
1376 3151 1427 3209 nel

306 3224 444 3292 pensiero
456 3222 697 3296 (sibiproponit)
715 3242 731 3281 e
744 3225 869 3291 insieme
882 3223 1016 3282 deil’atto
1032 3242 1050 3282 o
1064 3226 1145 3282 rnoto
1157 3224 1282 3283 rolitivo
1296 3224 1428 3292 (inchoat

306 3294 386 3366 ipsa)
404 3295 458 3353 che
474 3295 619 3353 Lucrezio
633 3295 703 3353 vuol
719 3295 898 3365 significare.
913 3296 1029 3354 Poteva
1047 3294 1111 3353 dire
1131 3295 1211 3353 della
1225 3295 1353 3354 velocita
1372 3313 1428 3353 con

306 3367 355 3424 cui
368 3367 538 3437 si'pensano
552 3367 622 3425 fatti
635 3366 715 3425 della
728 3372 874 3438 naturae
888 3367 986 3426 azioni
1005 3367 1097 3425 altrui
1108 3390 1116 3439 3
1127 3366 1232 3425 invece
1245 3365 1286 3425 s’d
1300 3367 1429 3424 limitato

272 3480 275 3485 -
307 3457 324 3495 a
338 3442 561 3509 contrapporre‚
575 3439 606 3496 in
619 3457 659 3495 un
674 3446 793 3509 agente,
807 3439 893 3498 l’atto
906 3439 1041 3514 volitiro,
1054 3438 1099 3497 eol
1113 3457 1166 3496 suo
1180 3442 1342 3497 eontenuto
1358 3456 1429 3508 peu-

306 3513 381 3577 sato,
399 3510 460 3567 alla
480 3512 656 3570 esecuzione
675 3510 827 3581 effettiva3
846 3512 876 3569 la
895 3510 1057 3569 medesima
1077 3509 1181 3569 anione
1197 3528 1279 3569 corne
1301 3516 1430 3581 pensata

307 3581 446 3640 evoluta
465 3600 482 3640 e
501 3601 584 3641 corne
604 3583 755 3651 eseguita:
774 3582 878 3652 quindi
897 3583 997 3654 l’tpsa,
1016 3583 1071 3641 che
1087 3588 1291 3653 coutrappone
1305 3583 1335 3639 la
1347 3599 1430 3639 mens

306 3652 468 3722 alPageute
488 3653 518 3711 di
536 3654 622 3713 fatto.
642 3653 720 3712 Perd
739 3654 810 3724 quel
829 3655 884 3713 che
904 3673 1010 3725 segue:
1033 3672 1137 3712 res...
1156 3654 1276 3729 ulta...
1302 3671 1429 3725 quornm

305 3727 340 3783 r'n
357 3732 496 3797 promptu
509 3732 622 3784 natura
635 3727 761 3797 uidetur,
774 3726 879 3794 quindi
890 3746 918 3797 p.
935 3745 974 3784 es.
989 3726 1085 3784 anche
1100 3724 1121 3782 il
1138 3743 1238 3784 eorrer
1255 3725 1335 3783 della
1349 3725 1426 3795 luce,

306 3796 361 3854 che
380 3816 440 3855 non
459 3795 476 3855 ὁ
495 3797 542 3854 fra
562 3797 590 3855 le
602 3797 737 3867 possibili
752 3806 853 3857 nostre
866 3798 973 3869 azioni,
985 3796 1227 3868 persuaderebbe
1241 3815 1259 3853 a
1274 3795 1429 3855 intendere

306 3866 353 3925 nit
372 3869 460 3927 adeo.
473 3914 479 3927 .
492 3914 498 3927 .
512 3872 656 3941 proponit
675 3871 688 3898 “
703 3888 763 3928 uon
783 3868 831 3928 c'd
850 3888 920 3928 coss
940 3871 995 3928 che
1014 3886 1153 3937 avvenga
1172 3887 1228 3927 con
1246 3872 1334 3926 tanta
1347 3869 1428 3926 relo-

306 3938 367 3998 cita
386 3959 441 3999 con
460 3945 575 4010 quanta
590 3940 620 3998 la
634 3945 733 3999 mente
746 3960 778 3999 se
792 3943 821 3999 la
834 3945 1033 4012 rappresenta
1045 3941 1188 4000 avrenire
1201 3941 1233 3998 in
1247 3941 1384 4009 pensiero
1397 3961 1428 4011 ,ς

306 4029 323 4068 e
341 4011 437 4071 aliare
451 4013 571 4071 inchoat
582 4016 657 4085 apsa,
677 4031 760 4071 come
773 4013 851 4073 altro
864 4015 996 4085 esempio
1010 4013 1170 4083 aggiunto:
1192 4011 1299 4070 “econ
1313 4014 1428 4081 quanta

306 4100 374 4141 essa
393 4087 489 4141 stessa
507 4085 533 4141 si
552 4103 662 4143 mucra
680 4102 699 4142 a
717 4084 783 4142 fare
798 4127 826 4151 „.
846 4087 896 4144 Ma
915 4086 941 4145 oi
956 4086 1106 4144 vorrebbe
1122 4091 1175 4142 aut
1190 4085 1221 4141 in
1233 4083 1323 4154 luogo
1343 4083 1373 4141 di
1386 4089 1429 4156 et;

306 4174 321 4213 e
340 4154 362 4212 il
381 4162 461 4214 moto
481 4155 605 4215 volitivo
624 4174 641 4215 e
656 4157 807 4215 incentivo
819 4177 874 4227 per
889 4155 921 4216 sd
936 4158 1000 4216 solo
1014 4175 1074 4216 non
1088 4156 1113 4213 si
1128 4162 1331 4226 contrappone
1350 4156 1428 4213 bene

305 4228 542 4288 ell'esecuaione.
561 4229 666 4287 Anche
682 4228 704 4285 il
723 4229 880 4291 confronto
896 4248 950 4289 con
965 4230 1009 4288 IV
1023 4230 1076 4288 878
1089 4246 1152 4298 sgg.
1168 4228 1313 4297 consiglia
1328 4246 1347 4284 a
1360 4245 1428 4285 con·
