3168 4698
339 262 406 333 240
465 264 468 271 '
649 253 715 333 DE
739 249 914 333 RERUM
936 255 1145 337 NATURA

359 403 448 477 adde
471 427 580 494 vagos
604 403 727 477 imbris
750 410 1041 496 tempestatesque
1065 405 1234 495 volantes,

360 504 478 577 omnia
500 527 589 596 quae
613 504 726 577 maria
749 528 791 577 ae
812 512 925 578 terras
948 513 1189 597 sparguntque
1212 507 1419 599 rigantque,

361 602 448 675 adde
471 626 551 676 suos
575 602 697 675 fontis:
720 609 838 675 tamen
861 604 906 675 ad
929 604 1038 677 maris
1062 606 1178 676 omnia
1201 629 1380 678 summam

360 701 477 791 guttai
500 701 561 773 vix
586 700 699 773 instar
721 709 824 776 erunt
847 701 950 774 unius
975 702 1188 792 adaugmen;

284 826 337 884 615
360 823 429 892 quo
453 799 567 872 minus
590 807 641 873 est
666 799 793 872 mirum
819 824 915 873 mare
939 824 1010 872 non
1033 825 1219 890 augescere
1244 827 1436 892 magnum.

360 906 539 989 praeterea
562 922 729 987 magnam
752 897 803 972 sol
829 907 960 989 partem
987 898 1140 971 detrahit
1163 907 1275 973 aestu.

361 997 486 1088 quippe
510 995 667 1069 videmus
681 993 784 1069 ¹enirn
808 996 915 1069 vestis
939 1021 1058 1069 umore
1082 998 1256 1071 madentis

360 1097 535 1168 exsiccare
558 1095 631 1168 suis
655 1094 763 1167 radiis
788 1095 1111 1168 ardentibu'solem:

360 1202 397 1267 at
420 1192 543 1284 pelage
565 1194 676 1266 multa
699 1201 733 1266 et
755 1191 825 1266 late
848 1194 1025 1266 substrata
1051 1193 1216 1268 videmus.

285 1320 338 1376 520
362 1291 506 1384 proinde
529 1292 610 1365 lieet
633 1292 794 1383 quamvis
817 1315 862 1364 ex
884 1316 953 1365 uno
977 1317 1112 1384 quoque
1135 1292 1210 1367 loeo
1233 1294 1286 1367 sol

361 1392 491 1464 umoris
515 1415 660 1481 parvam
683 1390 812 1463 delibet
836 1391 880 1463 ab
904 1415 1053 1482 aequore
1078 1400 1228 1482 partem:

360 1490 507 1580 largiter
528 1490 565 1561 in
588 1497 687 1563 tanto
710 1489 823 1580 spatio
847 1498 966 1562 tamen
989 1490 1123 1563 auferet
1146 1491 1260 1563 undis.

360 1598 435 1662 turn
458 1611 560 1677 porro
578 1588 676 1660 venti
700 1605 835 1679 quoque
859 1612 1025 1678 magnam
1049 1589 1169 1662 tollere
1193 1596 1334 1679 partem

360 1688 493 1780 umoris
515 1694 659 1777 possunt
681 1694 858 1760 verrentes
882 1711 1044 1778 aequora,
1069 1688 1184 1760 ventis

287 1822 339 1880 625
362 1810 432 1859 una
457 1792 557 1858 noete
579 1785 656 1858 vias
680 1785 844 1876 quoniam
869 1809 1033 1877 persaepe
1058 1785 1215 1858 vidernus

362 1885 489 1959 sieeari
512 1883 693 1975 mollisque
718 1883 783 1956 luti
807 1908 1025 1957 eonereseere
1049 1892 1194 1957 onustas.

364 1991 542 2075 praeterea
566 1982 667 2055 doeui
690 1981 838 2055 multam
862 2006 998 2074 quoqne
1021 1982 1143 2055 tollere
1166 1981 1276 2054 nubes

363 2106 519 2155 umorem
542 2104 672 2170 magno
695 2088 899 2171 eoneeptum
923 2104 967 2152 ex
990 2105 1138 2171 aequore
1162 2081 1268 2171 ponti,

363 2189 397 2253 et
421 2180 550 2271 passini
573 2185 647 2251 toto
670 2186 844 2251 terrarum
867 2203 1032 2269 spargere
1056 2180 1092 2251 in
1117 2180 1202 2267 orbi,

288 2304 341 2360 ean
364 2304 443 2352 eum
469 2277 557 2369 pluit
581 2278 619 2350 in
643 2279 745 2350 terris
769 2287 802 2352 et
826 2278 922 2351 venti
945 2278 1067 2351 nubila
1091 2286 1240 2369 portant.

342 2482 555 2491 ...a-*W

342 2602 429 2660 zione
447 2600 478 2658 di
496 2600 609 2669 ripetsr
628 2598 658 2656 lt
676 2599 718 2668 gli
737 2599 835 2656 ultimi
854 2602 977 2668 quattro
996 2600 1075 2657 versi
1095 2599 1125 2656 di
1143 2600 1204 2669 qui.
1278 2628 1310 2641 ·-
1341 2601 1405 2661 orl.
1424 2600 1469 2660 La

342 2675 473 2744 risposte
492 2671 638 2730 eominoia
657 2672 718 2741 qui.
749 2671 762 2696 “
776 2671 911 2741 Ebbene,
937 2671 1083 2741 eggiungi
1108 2689 1183 2741 pure
1209 2671 1239 2729 ai
1262 2671 1349 2732 fiumi
1368 2674 1468 2732 'anohe

342 2750 423 2804 tutta
447 2744 467 2802 l’
483 2761 580 2811 acqua
603 2742 659 2801 ohe
686 2745 775 2812 piove
800 2744 832 2800 in
854 2761 947 2813 mare,
974 2743 1105 2801 eenehe
1130 2743 1159 2801 le
1185 2743 1263 2802 fonti
1290 2751 1468 2814 sottaequee

342 2817 391 2876 del
410 2834 506 2874 mere:
527 2822 606 2873 tutto
625 2815 749 2873 insieme
771 2814 788 2873 ὸ
807 2834 849 2872 un
872 2814 1018 2873 nonnulla
1036 2816 1067 2872 in
1087 2814 1244 2874 eonfronto
1264 2814 1333 2874 dell'
1344 2835 1467 2875 enorme

341 2906 441 2947 messa
460 2885 592 2956 d‘aequa
607 2886 638 2944 di
653 2905 719 2945 esso
733 2905 824 2945 mare.
840 2931 852 2957 ,
914 2887 1207 2958 —612.r2·pantque;
1223 2906 1283 2946 non
1299 2887 1316 2946 e
1331 2907 1406 2947 vero
1422 2888 1467 2947 oio

342 2960 397 3018 ohe
411 2958 476 3018 diee
489 2959 512 3016 il
523 2959 641 3028 Munro,
654 2958 709 3016 ohe
729 2962 853 3028 oggetto
872 2957 902 3015 di
921 2961 1028 3027 ripaei
1042 2958 1142 3016 dobba
1155 2976 1254 3017 essere
1268 2959 1332 3017 solo
1352 2967 1467 3030 terroe;

343 3030 398 3090 eho
416 3031 467 3101 qui
487 3029 504 3089 ὲ
522 3030 641 3101 l'aequa
660 3030 714 3088 ohe
733 3033 822 3100 piore
841 3031 872 3088 in
891 3048 976 3088 mere
1002 3030 1057 3088 ehe
1083 3030 1212 3100 imperta
1237 3031 1383 3096 (sebbene
1410 3050 1470 3090 non

343 3105 387 3161 sia
407 3103 524 3161 esoluso
544 3102 565 3159 il
584 3102 724 3172 pensiero
744 3103 799 3160 ohe
818 3102 914 3159 anehe
934 3101 1037 3171 quella
1055 3102 1111 3160 ohe
1129 3103 1218 3171 piore
1238 3102 1268 3159 in
1290 3107 1374 3161 terra
1392 3121 1434 3161 va
1451 3121 1470 3160 a

343 3175 413 3233 finir
432 3175 483 3233 nel
501 3178 618 3245 τηειρ),
636 3181 782 3245 eparpunt
801 3193 817 3231 e
836 3178 941 3243 riparii
960 3192 1033 3232 sono
1046 3192 1087 3230 un
1102 3168 1216 3247 ὕστερον
1228 3171 1367 3249 πρότερον
1372 3191 1382 3244 3
1402 3181 1469 3233 iem-

341 3253 470 3319 pietates
488 3247 621 3305 volantes
638 3250 743 3311 rinnai
760 3245 827 3312 (ofr.
845 3247 907 3312 521,
927 3245 1019 3304 nubes
1037 3246 1187 3318 nimbique
1205 3247 1354 3316 ripantee)
1379 3265 1470 3316 sopra

343 3319 419 3376 mori
440 3338 456 3377 e
475 3322 566 3389 terre,
586 3337 603 3376 e
621 3319 680 3387 poi,
700 3317 799 3375 dando
818 3318 951 3386 pioggia,
969 3325 1126 3388 sparpuni.
1198 3347 1233 3356 -
1247 3318 1311 3376 618.
1324 3337 1394 3377 euos
1408 3318 1469 3386 (del

343 3392 446 3461 mere),
464 3408 524 3447 non
545 3393 617 3461 eine,
637 3387 756 3458 perche,
777 3390 830 3458 qui
849 3390 870 3446 il
893 3407 976 3446 mere
999 3388 1025 3459 ὸ,
1048 3391 1080 3445 in
1105 3389 1253 3460 pensiero,
1282 3388 1303 3446 il
1329 3394 1469 3460 suggette

343 3480 398 3532 per
418 3461 595 3539 eoeeltenza.
620 3460 698 3518 Vedi
722 3460 751 3518 le
777 3461 1002 3529 grammatiehe.
1034 3524 1043 3541 -,
1084 3490 1120 3500 ·—
1144 3468 1242 3519 tumen
1268 3462 1340 3519 haee
1367 3466 1469 3520 omniu

344 3535 385 3592 od
408 3537 504 3591 mario
531 3551 677 3590 summam
699 3535 789 3590 'erunt
816 3533 984 3602 adaupmea
1014 3532 1075 3600 (en.
1089 3534 1159 3603 iay.)
1182 3537 1233 3590 vico
1256 3536 1358 3591 instar
1377 3539 1470 3592 unius

343 3609 449 3676 quiesi.
494 3605 603 3660 -ola
609 3606 712 3675 pelope
724 3606 777 3662 ofr.
790 3604 818 3661 V
827 3606 862 3661 35
874 3606 1033 3675 petapiqiie
1045 3621 1154 3662 severa.
1200 3635 1234 3644 -
1246 3604 1305 3683 iqie
1314 3605 1470 3664 substrata

346 3679 359 3701 “
374 3677 575 3746 arnpiemente
592 3675 695 3734 distesi
709 3678 800 3745 (sotto
817 3675 839 3732 il
855 3675 930 3745 sole)
940 3716 964 3743 „.
1027 3705 1062 3715 -
1075 3675 1138 3734 620.
1145 3677 1275 3747 proinde
1289 3678 1356 3735 lieet
1369 3695 1470 3748 quam-

344 3754 405 3821 oie;
420 3751 444 3807 si
461 3748 585 3807 direbbe
601 3748 656 3805 ohe
670 3748 815 3806 Luerezio
832 3747 872 3804 ha
891 3765 1003 3806 aneora
1022 3747 1230 3806 nell'oreoohio
1246 3750 1306 3806 601.
1321 3749 1348 3806 E
1363 3747 1470 3817 poiche
1568 3750 1569 3819 ζ

344 3821 563 3890 l’espressione,
576 3819 653 3878 oolla
667 3837 721 3877 sua
735 3820 859 3889 leggera
873 3819 1065 3877 intonazione
1076 3819 1219 3885 irrisorie,
1232 3817 1248 3877 ὸ
1262 3820 1314 3889 pit
1328 3819 1471 3878 naturale

345 3892 400 3952 ohe
413 3893 531 3951 venisse
547 3892 652 3949 seritta
668 3892 697 3948 al
710 3897 800 3961 poete
815 3892 913 3961 prima
928 3892 960 3948 in
975 3893 1037 3960 601,
1053 3892 1147 3949 anohe
1164 3890 1300 3960 questos
1315 3909 1358 3949 un
1372 3891 1469 3961 pioeol

345 3982 437 4034 segno
457 3968 561 4022 eontro
581 3962 603 4019 il
621 3967 772 4032 tresporto
788 3963 818 4020 di
834 3965 952 4020 608-638
965 3963 1070 4020 avanti
1086 3981 1104 4018 a
1116 3964 1178 4021 535.
1249 3992 1285 4002 -
1298 3962 1363 4021 626.
1375 3963 1469 4034 Verg.

343 4053 439 4106 peorq.
471 4036 519 4093 HI
553 4036 606 4092 360
639 4040 831 4094 concrescunt
864 4035 980 4092 subitae
1013 4039 1149 4092 carrena·
1180 4037 1214 4092 in
1247 4034 1371 4105 flumine
1404 4054 1471 4093 oru-

345 4113 416 4163 sioe.
489 4137 524 4145 —
541 4106 605 4164 eni.
625 4108 720 4177 docui,
739 4109 793 4164 413
811 4125 874 4176 sgg.
889 4126 905 4164 e
918 4108 971 4164 503
990 4124 1054 4174 sgg.
1128 4136 1161 4146 -
1181 4106 1246 4161 630.
1264 4107 1470 4178 compluitis

347 4190 438 4244 terrie
459 4186 470 4212 “
486 4185 607 4256 quando
626 4187 714 4256 piove
734 4188 765 4244 in
777 4205 839 4244 una
851 4187 975 4256 regione
990 4190 1135 4245 terrestre
1150 4231 1173 4258 ,.
1192 4169 1377 4256 Epiuttosto
1390 4192 1471 4250 stato
