3088 4694
399 307 547 381 LIBER
570 307 624 379 IV
649 308 840 379 1123-1148
1110 308 1177 378 269

16 473 66 530 1135
85 452 238 541 prendere
262 476 350 543 quae
375 449 486 542 possis
510 449 689 522 oeulorum
712 447 843 520 lumine
867 455 995 537 operto,

81 551 357 639 innumerabilia3
382 557 422 621 ut
445 549 569 621 melius
592 547 745 638 vigilare
768 547 814 619 sit
838 554 928 634 ante,

83 673 143 739 qua
163 650 263 722 dooui
286 650 434 735 ratione,
460 670 650 738 cavereque
673 670 716 718 ne
740 644 921 717 inlioiaris.

82 772 155 821 nam
176 749 301 835 uitare,
326 748 450 839 plagas
473 747 511 818 in
535 746 664 818 amoris
687 769 730 817 ne
754 743 935 834 iaaiamur,

81 870 142 919 non
162 847 211 919 ita
234 847 379 919 difficile
402 853 453 919 est
477 869 582 936 quam
607 850 746 935 captum
771 844 905 915 retibus
928 842 1013 932 ipsis

16 971 65 1027 nlo
82 944 167 1017 exire
189 954 222 1018 et
246 946 384 1019 validos
408 944 556 1017 Veneris
579 967 799 1034 perrumpere
823 942 941 1015 nodos.

82 1050 244 1116 ettamen
268 1043 461 1134 implioitus
485 1067 622 1134 quoque
646 1042 756 1132 possis
779 1040 885 1131 inque
908 1039 1045 1130 peditus

83 1142 223 1232 elingere
246 1141 426 1230 infestum,
450 1141 519 1215 nisi
544 1146 619 1213 tute
642 1140 707 1211 tibi
730 1139 855 1214 obvius
880 1139 997 1211 obstes

83 1247 112 1311 et
133 1240 391 1330 praetermittas
415 1239 523 1312 animi
547 1239 636 1313 vitia
659 1238 777 1311 omnia
800 1237 952 1327 primum

82 1345 134 1410 aut
155 1364 243 1430 quae
269 1339 415 1429 eorpori’
435 1346 516 1411 sunt
539 1338 623 1426 eius,
647 1361 751 1429 quam
776 1337 947 1427 praepetis
971 1360 1013 1409 ae
1035 1337 1099 1410 vis.

16 1441 314 1527 1145namfaoiunt
337 1438 495 1512 homines
519 1438 722 1530 plerumque
746 1436 906 1526 cupidine
930 1437 1024 1509 eaesi

16 1614 18 1625 ι
83 1545 111 1610 et
131 1539 291 1611 tribuunt
314 1561 355 1609 ea
378 1560 466 1627 quae
489 1559 559 1608 non
582 1542 665 1610 sunt
688 1535 743 1608 his
766 1534 947 1608 sommoda
970 1559 1062 1607 vere.

16 1686 18 1721 r
83 1636 288 1709 multimodis
311 1635 421 1725 igitur
444 1658 571 1725 pravas
594 1634 773 1725 turpisque
797 1633 957 1706 uidemus

16 1772 18 1801 ι
83 1760 145 1809 esse
166 1737 202 1808 in
226 1734 362 1808 delioiis
386 1758 588 1825 summoque
611 1733 648 1805 in
670 1733 799 1806 honore
822 1733 953 1822 vigere.

16 1938 18 2011 l
69 1973 269 1983 ----

16 2104 18 2115 Ι

16 2118 17 2139 l

16 2142 18 2191 ἒ
63 2150 217 2215 sopratutto
237 2146 322 2206 nella
340 2148 380 2204 2}
398 2149 494 2222 parto,
519 2147 540 2203 il
564 2146 694 2205 verismo
718 2145 839 2204 brutale
864 2146 894 2204 di
912 2147 1058 2206 Luerezio
1087 2154 1173 2206 tooea

16 2194 18 2319 l
64 2218 81 2275 il
96 2238 213 2279 sommo:
233 2221 263 2278 lo
284 2218 342 2276 due
362 2223 495 2276 seenette
515 2217 593 2276 delle
609 2218 766 2276 fantesehe
780 2219 835 2276 ohe
852 2238 1003 2290 scoppano
1019 2220 1176 2289 sglrignaz-

16 2330 19 2373 t
63 2291 144 2350 nando
163 2291 245 2350 dalla
264 2290 411 2361 padrona,
429 2291 587 2348 turandosi
613 2289 633 2346 il
662 2307 745 2357 naso,
771 2291 908 2360 equella
928 2291 1134 2359 dell’amante,
1153 2292 1175 2349 il

17 2376 19 2441 t
63 2363 147 2433 quale,
165 2363 352 2434 spaeimante
372 2381 413 2420 un
428 2368 578 2420 momento
594 2362 691 2431 prima
707 2362 768 2419 alla
783 2370 880 2434 porta,
896 2363 1099 2422 efinalments
1115 2383 1176 2422 am-

17 2442 19 2487 t
64 2451 153 2502 nesso,
171 2455 203 2493 se
222 2455 242 2493 a
262 2435 303 2492 lei
322 2435 430 2503 sfugge
448 2434 577 2492 un'aura
596 2452 655 2491 non
672 2434 807 2503 inodora,
825 2453 885 2493 non
898 2435 958 2505 pud
971 2436 1023 2505 piu
1037 2435 1100 2493 dire
1114 2454 1176 2494 una

17 2490 19 2571 l
63 2508 154 2573 parole
172 2507 251 2566 delle
273 2506 427 2574 eloquenti
446 2510 579 2575 proteste
605 2505 742 2564 d’amore
768 2506 822 2563 ohe
847 2526 945 2565 avere
968 2512 1175 2578 preparatae

17 2574 19 2639 l
64 2595 137 2636 aerea
148 2598 188 2637 un
201 2583 339 2649 pretesto
355 2596 408 2647 per
421 2577 598 2642 auderesne,
619 2597 635 2635 e
649 2577 672 2634 si
687 2576 725 2635 dt
740 2576 818 2636 dello
831 2580 945 2638 soioeoo
961 2611 995 2619 -
1010 2599 1063 2638 son
1078 2579 1175 2649 degne

17 2644 19 2717 l
64 2647 88 2704 di
102 2650 284 2709 Aristofane.
305 2651 355 2708 Me
374 2668 431 2719 pur
451 2668 533 2708 oome
548 2651 573 2707 si
585 2656 669 2707 sente
684 2649 780 2707 anche
794 2650 845 2719 qui
861 2652 890 2707 la
903 2650 1015 2709 serietie
1028 2651 1175 2721 profonda

64 2720 88 2777 di
104 2722 253 2791 Luerezio‚
281 2722 338 2779 ohe
362 2740 422 2779 non
448 2723 473 2779 si
498 2721 656 2780 amentisee
681 2721 749 2779 mai.
775 2721 843 2779 Non
868 2723 991 2781 intende
1010 2725 1058 2781 far
1076 2723 1175 2781 ridere

18 2804 20 2865 ς
64 2792 127 2862 egli3
146 2813 161 2852 e
180 2792 284 2864 peroio
303 2812 364 2851 non
383 2800 470 2852 stone
488 2799 583 2863 punto
608 2793 638 2850 la
663 2793 854 2852 conclusione
879 2813 958 2863 equa
976 2814 993 2854 e
1013 2798 1176 2854 assennata

18 2870 19 2903 3
65 2882 77 2919 e
93 2866 173 2924 seria.

18 2980 19 3025 p
123 2948 195 3006 1183.
208 2950 357 3019 proprio;
371 2946 393 3002 il
408 2946 447 3004 M.
463 2946 540 3004 trad.
558 2945 571 2971 ‘⁴
584 2951 719 3004 uastante
732 2985 755 3012 „.
770 2929 795 3003 ll
812 2964 884 3005 vero
901 2947 956 3004 ohe
967 2950 1112 3019 proprias
1125 2948 1175 3005 dal

18 3028 19 3067 t
65 3033 136 3075 senso
159 3019 188 3076 di
209 3026 223 3049 “
239 3018 459 3077 oaratteristioo
474 3058 487 3085 „
512 3019 602 3088 piega
621 3017 719 3076 tolera
738 3034 756 3074 a
775 3017 875 3086 quelle
892 3018 922 3075 di
940 3020 952 3047 ‘⁴
968 3024 1173 3087 permanente,

65 3094 184 3149 restante
200 3113 231 3161 „3
251 3110 301 3148 ma
320 3090 372 3158 qui
391 3108 450 3148 non
469 3090 510 3148 mi
530 3108 620 3159 pare3
645 3089 716 3147 vuol
736 3087 800 3146 dire
825 3109 869 3152 un
886 3107 988 3148 amore
1007 3108 1088 3159 uero,
1111 3090 1175 3149 aiod

65 3158 109 3217 ohe
126 3162 149 3219 si
167 3163 316 3229 realizza;
336 3180 418 3220 come
437 3163 564 3220 seeundo
584 3161 600 3219 ὲ
619 3165 834 3230 eontrapposto
854 3179 872 3218 a
891 3162 1021 3226 adraso,
1037 3161 1177 3233 ooslpra·

61 3235 119 3299 prio
136 3253 153 3291 a
171 3238 267 3306 inopi,
286 3231 350 3291 aiod
370 3253 387 3290 a
409 3232 527 3292 “senza
546 3234 655 3292 risorse
670 3276 700 3303 „‚
718 3233 840 3290 infelice
860 3251 913 3302 per
932 3233 1047 3301 ripulsa
1065 3251 1083 3291 o
1102 3234 1176 3291 infe·
1203 3260 1205 3263 ·

65 3302 140 3362 delta
213 3308 247 3346 -‘-
268 3304 345 3362 1185.
363 3306 509 3375 prendere
529 3304 542 3330 ‘⁴
558 3305 670 3374 ooglier
689 3305 735 3362 sul
755 3304 832 3362 fatto
847 3326 875 3375 ,ς
895 3313 1062 3375 eappunto
1076 3304 1176 3373 peroio

66 3391 112 3431 uon
130 3396 166 3435 ne
184 3379 246 3436 elta
266 3377 383 3435 alouno.
450 3408 480 3417 -
504 3377 586 3435 nso.
605 3377 842 3435 innumerabilia
849 3397 861 3448 ‚·
880 3377 906 3434 si
924 3377 989 3435 noti
1007 3377 1037 3435 la
1057 3377 1176 3435 effioaee

64 3445 199 3511 posizione
228 3450 259 3506 di
289 3449 534 3515 innumerabilia,
563 3456 702 3518 separato
732 3466 787 3518 per
813 3467 855 3506 un
881 3449 979 3507 intere
1009 3467 1097 3507 verso
1127 3449 1175 3507 dal

65 3526 130 3577 sunt.
205 3551 238 3561 -
263 3521 341 3577 lrsr.
361 3538 420 3591 qua
441 3523 531 3579 docui
546 3524 672 3587 ratione,
692 3539 720 3577 v.
741 3522 811 3578 1055
830 3538 894 3589 sgg.
973 3551 1006 3560 —
1027 3520 1109 3579 1142.
1128 3525 1175 3579 ia·

20 3624 22 3653 r
64 3586 158 3656 itatem
176 3590 193 3650 ὸ
212 3592 389 3651 sostantivo.
462 3623 494 3632 -
520 3592 622 3651 obvius
646 3592 756 3660 obstes;
781 3592 835 3649 afr.
858 3593 960 3650 ateius
979 3594 1095 3664 optulit,
1114 3592 1176 3664 offi-

66 3677 117 3742 cere
134 3670 159 3721 et
177 3666 296 3723 obstare
326 3667 382 3721 eto.
456 3694 485 3703 -
514 3663 607 3723 adstes
631 3670 658 3722 et
676 3670 838 3735 praeterea.
867 3666 926 3722 “se
942 3668 976 3721 tu
1003 3671 1097 3722 stesso
1117 3683 1177 3722 non

20 3800 22 3803 ⁸
66 3734 84 3811 tr
108 3737 214 3794 oreassi
244 3755 286 3793 un
313 3735 445 3794 ostaoolo
474 3737 520 3795 ool
548 3736 744 3794 dimentieare
773 3755 789 3793 e
821 3736 867 3793 eol
895 3734 1086 3793 nasoonderti
1106 3737 1176 3793 tutti

66 3803 179 3865 ldiletti
198 3807 230 3864 di
248 3807 288 3866 lei
306 3849 330 3877 „.
402 3838 437 3847 -
462 3806 541 3865 1144.
565 3827 654 3879 paam
675 3809 824 3878 praepetis
845 3826 880 3864 aa
906 3811 959 3869 vis,
984 3807 1030 3865 eoi
1053 3826 1177 3876 mss.;e

21 3892 22 3943 ἶ
66 3873 138 3934 v‘era
156 3897 306 3949 propenso
326 3880 421 3936 anohe
446 3878 628 4008 ffiBrieger,
647 3879 702 3937 ehs
725 3880 775 3948 poi
801 3878 882 3936 nella
903 3897 958 3935 sua
983 3877 1119 3936 edizione
1138 3879 1179 3936 ha

21 3950 23 4027 ζ
66 3963 140 4014 mam
158 3957 190 4008 tu
205 3955 292 4023 petie.
311 3951 433 4009 Laehm.
478 3970 541 4009 ern.
560 3952 668 4010 Munro
687 3954 717 4008 ei
733 3969 822 4022 quara
837 3953 916 4021 petis
936 3967 970 4006 ae
988 3952 1042 4018 oie,
1061 3968 1122 4008 non
1144 3968 1177 4008 so

21 4072 22 4081 ,
67 4033 92 4074 se
108 4021 157 4088 piu
173 4022 289 4082 insulso
313 4041 332 4081 o
354 4024 565 4092 inopportuno.
590 4023 640 4082 Un
662 4028 832 4093 praepetere
857 4023 887 4079 in
911 4021 1055 4078 Luerezio
1079 4020 1178 4079 nond

21 4096 23 4177 s
67 4104 125 4148 ross
142 4097 257 4166 strana3
280 4113 297 4153 e
317 4094 338 4152 il
358 4094 421 4152 dire
442 4092 572 4163 “quella
587 4096 642 4154 ohe
658 4097 691 4150 tn
708 4093 866 4161 proferisoi
884 4110 901 4150 e
917 4092 988 4151 vuoi
1003 4092 1051 4149 fra
1066 4096 1146 4151 tutte
1162 4139 1175 4164 „

21 4186 24 4233 ξ
67 4161 146 4240 rende
174 4166 228 4234 piu
254 4166 444 4236 significante
474 4168 496 4224 il
523 4171 675 4226 contrasto
702 4166 749 4224 eoi
778 4163 878 4223 diletti
905 4163 1177 4224 voluntariamente

22 4272 24 4371 >
67 4237 204 4308 lunarati3
232 4235 375 4308 quasiehe
401 4237 441 4296 lei
469 4240 534 4298 sola
560 4238 606 4298 sia
633 4255 731 4296 senza.
804 4265 837 4276 -
866 4234 948 4294 1145.
975 4235 1095 4308 faciant
1123 4237 1178 4295 efr.
