3088 4694
426 277 574 353 LIBER
596 279 651 353 IV
674 283 824 357 eso-578
1123 283 1189 363 215

23 410 25 489 Ι
108 433 234 517 atquae
258 449 338 516 pars
360 448 488 498 vocum
511 448 581 497 non
604 425 699 498 auris
722 425 846 499 incidit
869 427 973 516 ipsas,

23 598 25 609 ,
109 524 298 614 praeterlata
319 523 410 615 perit
432 522 564 596 frustra
588 524 715 598 diflusa
739 549 800 615 per
822 548 942 601 auras:

105 646 172 713 pars
193 622 311 696 solidis
334 622 446 699 adlisa
469 622 553 696 loeis
577 623 705 697 reiecta
728 648 888 698 sonorem

103 721 201 794 reddit
223 728 259 794 et
282 722 458 795 interdum
482 722 670 796 frustratur
692 723 847 814 imagine
870 723 979 797 uerbi,

47 823 86 878 5l0
103 845 176 911 quae
198 822 285 894 hene
309 842 388 893 eum
412 821 542 908 uideas,
565 823 737 895 rationem
761 823 903 896 reddere
927 822 1037 913 possis

101 926 162 992 tute
182 921 248 992 tibi
271 926 376 1011 atque
401 920 491 1008 aliis,
518 945 586 1012 quo
609 928 710 1013 paeto
734 946 796 1012 per
818 922 896 995 loca
919 921 992 994 sola

101 1041 173 1090 saxa
194 1019 290 1110 paris
313 1018 445 1091 formas
468 1020 653 1093 uerborum
676 1044 720 1093 ex
743 1020 864 1094 ordine
887 1019 1045 1109 reddant,

99 1116 236 1205 palantis
261 1117 403 1189 comites
428 1141 507 1189 curn
531 1117 658 1190 montis
683 1117 773 1191 inter
796 1143 921 1210 opacos

100 1216 286 1305 quaerimus
309 1223 343 1287 et
366 1240 498 1306 magua
521 1216 693 1307 dispersos
716 1240 799 1290 uoce
824 1217 963 1290 ciamus.

41 1311 81 1369 575
98 1337 149 1387 sex
169 1315 275 1387 etiam
300 1321 361 1388 aut
386 1320 515 1405 septem
540 1315 616 1388 loca
638 1315 713 1388 vidi
736 1316 881 1389 reddere
903 1339 1015 1406 voces,

98 1435 191 1484 uuam
217 1438 295 1485 eum
319 1413 466 1487 iaceres:
491 1414 541 1486 ita
566 1413 669 1488 colles
693 1414 840 1488 collibus
861 1415 929 1505 ipsi

96 1512 190 1583 rerba
214 1511 431 1601 repulsantes
454 1512 629 1585 iterabant
653 1511 747 1585 dicta
770 1513 901 1587 referri.

97 1608 171 1681 haee
195 1609 271 1681 loca
294 1610 494 1700 capripedes
516 1618 651 1701 satyros
675 1611 915 1704 nymphasque
939 1618 1054 1689 tenere

84 1791 280 1802 ---.-..--..

77 1921 175 1985 pronta
192 1916 358 1975 materiale.
433 1943 466 1955 -
481 1914 546 1972 566.
571 1932 660 1973 eures
678 1915 795 1984 incidit,
823 1916 1011 1974 eostruzione
1035 1934 1113 1986 rara,
1133 1934 1182 1976 ma

78 2007 127 2046 non
145 1989 289 2049 inaudita.
361 2017 397 2027 -
411 1985 478 2044 568.
494 1986 699 2056 ouantesque
719 1987 740 2044 il
755 1987 929 2045 Lachmann
951 1987 1033 2046 dica:
1056 1990 1187 2058 “nequis

78 2060 146 2119 forte
171 2061 333 2129 coniungat
361 2059 467 2117 solidis
487 2059 587 2127 loeis„
616 2059 683 2117 lero
703 2059 748 2117 eol
767 2059 876 2118 Munro
896 2060 1058 2129 e‘Brieger
1081 2061 1109 2119 le
1128 2061 1187 2120 due

78 2132 180 2202 uirgole
200 2139 247 2191 tra
267 2133 315 2190 eui
336 2131 394 2201 egli
415 2149 431 2188 e
450 2129 471 2187 il
486 2130 622 2199 Bernays
639 2133 772 2189 mettano
787 2132 895 2190 solidis
914 2133 1023 2191 adlisa.
1042 2133 1187 2192 Luerezio

79 2202 275 2263 allevamento
295 2203 325 2261 in
345 2202 462 2270 diletto,
481 2220 541 2260 non
559 2202 754 2261 aeeeunando
769 2203 830 2261 alla
850 2203 1023 2263 conditione
1042 2204 1122 2265 della
1140 2223 1190 2267 su·

78 2276 186 2344 perfieie
199 2280 307 2347 piana3
326 2275 347 2332 il
364 2274 470 2332 diletto
487 2273 512 2331 si
527 2280 612 2332 sente
629 2273 658 2331 di
673 2275 726 2343 piu
741 2276 787 2333 eol
806 2276 858 2344 piu
874 2277 1013 2343 generice
1027 2294 1044 2334 e
1057 2281 1186 2336 astratto

78 2349 172 2416 solida,
190 2347 315 2406 anzicht
335 2363 390 2404 eon
409 2345 508 2404 solida
527 2346 599 2405 loeo.
618 2345 693 2404 Dice
713 2347 734 2403 il
749 2347 923 2407 Lachmann
939 2348 994 2407 che
1010 2347 1108 2406 solida
1124 2348 1188 2409 loca

79 2419 181 2488 (luoghi
196 2419 296 2487 solidi)
311 2437 371 2475 non
385 2418 410 2476 si
423 2415 481 2486 pue
494 2417 571 2483 dire3
586 2416 601 2476 ὲ
615 2418 636 2475 il
650 2435 719 2475 esso
734 2418 762 2476 di
774 2418 964 2488 rispondere:
981 2437 1029 2479 ma
1041 2420 1187 2481 Luerezio

78 2488 133 2548 l’ha
146 2491 233 2549 cletta.
245 2491 378 2559 Bisogna
389 2507 525 2559 pensare,
536 2507 594 2547 uon
607 2489 739 2558 aluoghi
750 2490 854 2560 chiusi,
867 2508 949 2549 come
962 2492 973 2549 i
985 2493 1079 2550 nostri
1088 2492 1188 2562 teatri,

78 2580 119 2619 ma
134 2582 150 2620 a
164 2564 275 2633 piazze.
289 2563 333 2620 La
349 2579 422 2620 uoce
437 2580 492 2631 per
507 2560 537 2617 di
553 2579 641 2630 sopra
661 2579 677 2619 e
697 2580 750 2630 per
769 2562 860 2621 molto
880 2563 959 2633 parti
976 2567 1055 2635 perit
1074 2563 1189 2635 diffusa

75 2651 122 2703 per
137 2654 242 2704 aarum
262 2652 311 2691 ura
326 2633 374 2691 ne'
385 2633 488 2702 luoghi
504 2633 580 2691 dove
595 2635 731 2692 incontra
745 2652 822 2703 case,
837 2653 896 2693 ecc.
967 2665 1003 2677 —
1020 2635 1086 2691 569.
1099 2639 1189 2708 areop.

78 2706 155 2764 verli.
173 2707 202 2765 si
228 2726 263 2764 sa
282 2705 337 2764 eho
359 2704 439 2763 “eoo
454 2748 467 2774 „
486 2704 518 2761 iu
537 2705 632 2763 latino
652 2705 668 2763 ὸ
687 2709 765 2763 eoois
783 2710 889 2778 imeae,
908 2725 925 2765 o
944 2707 1188 2775 semplieemente

78 2779 171 2847 theopo.
186 2779 259 2837 Hor.
279 2782 377 2837 iocosa
395 2777 536 2834 Vaticani
552 2781 663 2836 reontio
682 2781 786 2848 imaue.
806 2777 865 2836 Cic.
880 2778 948 2836 laus
968 2778 1109 2838 bonorum
1128 2783 1188 2838 eir·

79 2853 128 2906 tuti
143 2857 262 2909 resonat
278 2856 428 2921 ternpuam
447 2853 554 2919 e'ruapo.
570 2880 605 2890 -
620 2848 678 2907 Del
693 2856 773 2908 resto
793 2850 844 2918 qui
866 2851 1007 2909 Lucrezio
1023 2869 1083 2910 non
1098 2851 1186 2921 parla

78 2919 186 2980 dell’eeo
205 2924 236 2980 in
256 2940 421 2992 genere-
440 2918 495 2979 ehd
514 2939 573 2979 nou
600 2921 733 2980 aurebbe
754 2939 829 2991 sugo
854 2922 875 2978 il
896 2923 1088 2985 continuare:
1113 2941 1187 2996 qteac

80 2991 139 3052 leae
151 3013 213 3052 eum
228 2996 331 3053 videus
346 2992 443 3063 potrai
459 2993 593 3052 renderti
606 2994 728 3062 ragione
739 3024 774 3036 ν·
785 2994 814 3051 di
828 2994 884 3052 ohe
899 3002 988 3053 cosa?
1003 3013 1114 3054 aucora
1130 2994 1189 3053 del·

78 3063 148 3124 leco.
164 3067 210 3124 Ha
224 3066 308 3125 detto
322 3066 351 3123 di
364 3067 496 3135 piazzee
512 3065 541 3123 di
558 3067 679 3134 praeoni
694 3085 710 3124 e
727 3067 847 3132 oratori,
863 3065 892 3123 le
907 3067 956 3124 eui
971 3068 1075 3136 parole
1093 3084 1192 3124 erano

79 3137 164 3195 talora
178 3139 357 3207 echeggiate
373 3137 411 3195 da
431 3137 558 3206 qualche
574 3136 690 3196 edificio
705 3139 781 3204 (loca
796 3139 920 3202 solidat:
940 3138 970 3197 in
988 3142 1092 3206 questo
1109 3157 1188 3209 case,

79 3207 187 3267 intende
203 3211 356 3274 Luerezio,
376 3216 409 3266 tu
425 3208 585 3267 redibens
602 3208 656 3267 che
675 3210 700 3267 si
721 3214 814 3267 tratta
834 3209 864 3267 di
882 3209 1023 3279 sempliee
1041 3212 1188 3278 ripereus·

78 3278 149 3338 sione
163 3282 239 3340 della
253 3299 327 3340 voce
340 3281 388 3339 del
402 3280 570 3350 gridators;
585 3280 706 3349 dunque
719 3299 750 3339 se
763 3300 818 3351 per
831 3281 894 3340 loco
907 3282 972 3340 sola
986 3283 1065 3339 senti
1079 3281 1106 3339 le
1120 3283 1189 3352 rupi

78 3354 188 3411 reddere
202 3372 291 3423 voces,
308 3371 366 3411 uon
380 3352 606 3421 t'immagiuare
623 3353 677 3411 che
693 3353 718 3411 ci
735 3353 780 3410 sia
796 3354 925 3423 qualche
940 3353 1033 3412 fauno
1049 3371 1187 3412 naseosto

79 3440 92 3479 e
105 3423 234 3484 burlone.
290 3455 325 3465 -
340 3425 407 3482 570.
421 3425 647 3483 cumutamus:
661 3428 690 3483 si
701 3427 810 3483 uideas.
826 3426 879 3483 cfr.
892 3427 936 3484 82.
991 3456 1026 3465 -
1044 3426 1105 3483 573.
1122 3444 1190 3497 opa=

78 3511 133 3567 cos;
150 3497 212 3556 cioh
231 3496 349 3556 selvosi.
412 3526 448 3537 -
465 3496 526 3554 576.
545 3499 623 3567 ipsi:
642 3498 684 3565 gli
704 3498 790 3555 stessi
807 3497 999 3567 echeggianti
1015 3515 1187 3568 provocano

76 3565 157 3626 l’eco.
227 3600 264 3609 -
282 3568 342 3625 577.
366 3568 476 3627 Contra
503 3569 575 3626 tutti
600 3587 651 3627 oso
670 3573 845 3627 mantenero
870 3569 900 3627 la
919 3570 1034 3628 lezione
1053 3569 1102 3627 dei
1121 3588 1188 3627 mss.

76 3638 148 3697 dicta
162 3640 282 3712 referri,
298 3658 351 3709 per
370 3640 400 3698 la
413 3640 502 3708 quale
516 3639 544 3697 le
560 3641 681 3699 antiche
697 3640 839 3699 edizioni:
860 3642 941 3700 dictu
956 3641 1073 3712 referre
1092 3658 1109 3699 o
1126 3644 1186 3699 icta

75 3710 181 3779 referre
196 3731 212 3770 o
227 3717 302 3783 ipsis
315 3711 430 3783 referre
441 3711 635 3781 (seducente),
648 3713 676 3769 le
690 3712 772 3781 quali
785 3712 894 3770 lezioui
909 3714 930 3770 il
946 3712 1120 3771 Lachmann
1137 3712 1191 3771 eli-

76 3783 149 3841 mina
164 3784 438 3847 eoll'osservazioue
454 3784 508 3842 che
524 3787 635 3841 iterare
651 3802 710 3842 non
724 3802 815 3853 regge
831 3784 985 3842 l'infinito.
999 3785 1066 3851 ΕΒΗ
1080 3789 1191 3844 stesso:

76 3853 152 3912 docta
163 3856 284 3927 referri,
299 3856 352 3913 cfr.
363 3855 434 3913 Hor.
451 3859 550 3913 orneris
563 3858 664 3915 doctus
680 3860 737 3914 iter
751 3856 873 3926 melius·
887 3860 986 3915 omnis
1001 3856 1100 3913 Metita
1111 3857 1186 3915 creole

76 3924 214 3986 decertatus
238 3930 341 3998 aprico
363 3945 486 3998 parcere
509 3934 606 3998 prato,
630 3946 646 3986 e
673 3947 728 3987 con
751 3929 872 3985 Laehm.
893 3929 988 3986 auehe
1017 3928 1152 3995 Beruays
1171 3947 1190 3986 e

76 3993 204 4058 lluuroe
222 4000 357 4068 Brieger.
376 4000 426 4056 Ma
441 3998 485 4058 eid
501 4000 555 4058 che
573 3999 588 4053 d
605 3999 683 4058 bello
700 4000 782 4059 detto
799 4000 847 4057 del
867 3999 967 4069 fiume,
982 4018 1000 4057 a
1017 4000 1064 4056 eui
1080 3998 1109 4056 la
1124 3999 1190 4057 fan-

76 4070 147 4127 tasia
166 4071 342 4131 attribuisee
364 4089 425 4128 uua
444 4078 526 4129 certa
551 4070 670 4139 liberta,
694 4091 734 4129 un
755 4076 836 4130 certo
863 4072 968 4141 spirito
988 4070 1103 4138 riballo,
1123 4089 1139 4128 e
1159 4072 1189 4129 al

77 4141 160 4205 quale
177 4144 200 4200 si
217 4144 342 4212 insegua
357 4161 376 4201 a
393 4143 475 4212 rigor
491 4143 591 4213 dritto‚
610 4161 670 4201 non
684 4162 722 4201 ua
738 4163 792 4212 per
808 4150 915 4212 questa
934 4160 989 4201 oea
1004 4142 1111 4199 affatto
1124 4162 1190 4212 pas·

78 4208 145 4283 sira,
162 4233 178 4272 e
197 4234 249 4291 per
269 4214 297 4272 di
318 4214 369 4292 piu
388 4215 434 4280 eol
453 4215 545 4275 verbo
564 4216 694 4289 passivo.
712 4216 771 4279 Per
795 4233 842 4273 me
861 4217 941 4277 dicta
960 4212 1076 4291 referri
1093 4231 1154 4277 non
1173 4212 1189 4280 ὸ
