3168 4698
497 264 644 342 LIBER
666 264 721 342 Vl
745 268 892 345 oso-703

681 493 707 539 n

155 616 189 679 et
214 615 394 698 penetrare
418 609 508 681 mari
531 609 668 698 penitus
690 633 743 683 res
768 611 863 702 eogit
888 622 1008 704 aperto

155 714 259 797 atque
284 706 401 778 efflare
425 706 528 796 foras,
552 707 698 799 ideoque
722 711 893 783 extollere·
909 713 1086 785 flammam

81 830 131 883 700
154 828 308 895 saxaque
331 804 523 877 subieotare
547 813 582 877 et
606 831 732 880 arenae
755 808 876 881 tollore
899 810 1043 902 nimbos.

153 904 191 974 in
214 927 349 975 summo
373 911 455 975 sunt
480 905 606 976 vertice
630 905 720 976 enim
745 913 905 995 crateres,
930 916 969 981 nt
992 910 1060 999 ipsi

154 1001 379 1089 nominitant,
404 1025 466 1074 nos
490 1003 582 1092 quod
606 1003 722 1077 faueas
746 1004 966 1097 perhibemus
990 1015 1025 1080 et
1048 1031 1119 1080 ora.

199 1101 287 1172 Sunt
306 1100 440 1190 aliquot
458 1125 593 1191 quoque
612 1127 666 1176 res
686 1127 834 1194 quarum
853 1129 959 1177 unam
978 1106 1091 1179 dicere
1111 1131 1251 1180 eausam
1344 1161 1347 1166 -
1378 1147 1381 1152 ·

134 1289 344 1299 Q

130 1400 283 1458 Parmann
294 1445 300 1458 .
310 1445 332 1457 ..
345 1401 401 1458 leae
414 1403 459 1458 ire
472 1400 657 1470 fatendumst
670 1399 710 1457 Εἰ
720 1406 880 1472 penetrare
895 1403 991 1460 maris
1003 1400 1113 1470 duetus
1129 1397 1250 1470 [quibus

131 1474 201 1530 aere
216 1477 329 1530 motum
343 1471 470 1530 Sedibus
490 1473 586 1530 eicere
603 1490 634 1529 se
650 1471 761 1541 subito]
778 1491 826 1530 res
840 1476 914 1543 eonii
931 1479 1035 1544 aperta
1048 1477 1156 1535 lunaris
1171 1490 1186 1529 e
1201 1490 1251 1528 res

131 1550 236 1613 aperta
253 1542 442 1602 “l'evidenza
455 1589 467 1615 ,
482 1544 578 1602 anahe
593 1543 727 1612 Brieger.
737 1544 847 1602 norse:
863 1563 911 1601 ma
925 1542 966 1602 e’b
979 1544 1030 1613 gia
1043 1543 1249 1614 fatendumst.)

129 1615 158 1673 N
159 1615 219 1673 ella
237 1615 346 1673 launna
360 1615 376 1674 ὲ
390 1616 492 1675 ehiaro
508 1616 562 1674 ohe
578 1616 603 1673 si
617 1614 722 1675 dicere
739 1614 787 1673 del
803 1621 893 1673 vento
907 1622 1086 1684 penetrante
1102 1613 1151 1672 dal
1166 1633 1249 1672 mare

130 1687 208 1745 nelle
226 1686 321 1745 radici
341 1687 390 1745 del
408 1691 518 1759 monte,
538 1688 617 1746 forse
637 1705 693 1746 eon
708 1705 840 1745 aeeenno
859 1687 955 1745 auehe
974 1705 993 1744 a
1012 1687 1179 1757 dell⁷aequa
1196 1705 1213 1745 e
1229 1705 1247 1744 a

130 1757 293 1817 dell'arena
313 1760 367 1817 ehe
385 1760 545 1829 penetrino
565 1759 689 1818 insieme
709 1758 753 1816 ool
774 1767 880 1817 vento:
905 1762 1019 1828 quanto
1038 1758 1190 1817 all’arena
1208 1759 1247 1815 mi

129 1849 201 1899 pare
214 1831 346 1889 indicato
359 1830 409 1888 dai
424 1832 521 1889 nimbi
532 1849 642 1889 arenae
655 1830 703 1889 del
718 1850 746 1889 v.
756 1833 808 1888 too
821 1831 895 1900 (non
910 1849 941 1888 se
957 1849 995 1888 ne
1008 1830 1094 1900 parla
1108 1830 1249 1899 amone),

127 1903 274 1960 nominati
290 1903 368 1961 forse
382 1905 517 1973 appunta
533 1922 615 1962 aome
629 1921 723 1971 prora
737 1902 767 1960 di
780 1902 900 1961 eodesto
913 1902 1073 1971 passaggio
1086 1902 1134 1959 del
1148 1906 1247 1959 vento.

128 1974 164 2030 ln
184 1977 237 2031 698
255 1981 413 2046 penetrare
431 1979 549 2046 penitus
568 1974 584 2032 e
605 1979 683 2033 tutto
708 1975 890 2043 luereziano,
908 1978 991 2031 mari
1008 1980 1109 2044 aperto
1128 1973 1168 2030 ha
1188 1973 1245 2030 l’a·

128 2050 226 2115 spetto
245 2047 336 2105 molto
356 2049 497 2117 genuino,
517 2047 609 2105 eeosl
624 2050 714 2117 eopit3
730 2045 810 2105 nesle
830 2047 851 2102 il
867 2064 950 2115 segg.
966 2046 1058 2111 (forse
1078 2048 1141 2102 ais?
1160 2044 1182 2101 il
1199 2046 1247 2102 oui

128 2119 261 2186 genitivo
274 2119 400 2193 sarebbe
417 2119 499 2175 nella
513 2119 632 2189 lacuna,
648 2119 702 2176 afr.
714 2138 742 2177 v.
754 2120 827 2189 758),
843 2137 858 2175 e
875 2136 947 2186 pare
964 2117 1030 2174 diea
1045 2117 1066 2173 il
1083 2116 1247 2185 complesse

128 2189 206 2246 delle
222 2192 406 2248 eireostanze
419 2222 454 2230 -
469 2210 485 2248 e
499 2208 553 2260 per
573 2198 741 2249 avventnra
757 2194 892 2260 appunto
908 2188 1042 2246 l'andare
1062 2207 1078 2246 e
1097 2189 1183 2246 venir
1199 2188 1247 2245 dei

128 2261 216 2322 flulti.
230 2262 285 2319 ohe
305 2262 558 2320 alternatamente
577 2280 681 2331 soopre
700 2264 815 2333 (aperta
833 2265 933 2318 mari?
951 2279 1033 2317 mare
1050 2264 1164 2329 aperto,
1181 2260 1245 2318 eloe

128 2332 182 2390 ohe
202 2352 283 2403 apte,
300 2334 355 2391 che
370 2351 485 2403 seopre,
505 2353 586 2393 eome
602 2335 625 2391 si
643 2334 708 2391 diae
724 2333 808 2391 d’un’
819 2334 946 2402 imposta
962 2333 1081 2400 aperta)
1098 2331 1146 2390 dei
1162 2333 1247 2389 tratti

127 2405 186 2462 alle
205 2405 300 2462 radici
320 2405 367 2462 del
387 2416 497 2463 monte.
520 2406 701 2464 Nell’Aetnn
720 2404 736 2464 ὸ
756 2406 833 2462 fatto
853 2422 1010 2463 asservare
1032 2405 1086 2461 ehe
1105 2404 1126 2460 il
1145 2409 1246 2461 monte

126 2476 153 2533 a'
164 2477 230 2534 suoi
249 2476 328 2546 piedi
344 2477 360 2535 i
375 2482 455 2535 tutto
471 2478 655 2535 foraeehieto
675 2496 691 2534 e
707 2476 746 2534 dd
761 2478 843 2534 adito
860 2477 889 2533 ai
908 2477 1000 2535 venti.
1016 2477 1041 2534 Ε
1055 2476 1123 2533 redi
1138 2476 1246 2532 lustin.

126 2548 171 2605 IV
193 2551 220 2606 l:
241 2555 283 2606 est
302 2556 399 2606 aretem
418 2556 500 2607 terra
519 2553 586 2620 ipsa
601 2549 743 2617 (Sieiliae)
763 2552 861 2607 tenuis
874 2567 909 2606 ae
923 2548 1050 2619 frapilis
1066 2554 1092 2605 et
1108 2551 1246 2605 cauernis

127 2621 303 2691 quibusdam
322 2621 489 2693 fistulisque
508 2620 762 2693 impenetrabilis
781 2628 813 2678 ut
828 2628 980 2678 uentorum
1001 2626 1062 2678 tata
1078 2619 1171 2690 ferme
1190 2619 1247 2690 fta·

127 2691 342 2763 erumpentia·
367 2711 418 2750 nee
443 2712 503 2751 non
529 2700 556 2750 et
580 2693 701 2763 innibus
723 2694 904 2763 penerandis
931 2693 1161 2762 nutriendisque
1188 2691 1248 2748 sali

126 2767 224 2834 ipsius
249 2766 404 2821 stationalis
426 2768 564 2833 materia,
592 2768 698 2836 quippe
717 2769 900 2822 intrinsecus
919 2771 1048 2821 stratum
1074 2763 1198 2834 sulpure
1218 2769 1245 2820 et

127 2836 270 2893 bitumine
286 2837 441 2893 traditur:
460 2855 533 2907 quae
553 2855 602 2894 res
620 2836 697 2907 facit
714 2843 747 2893 nt
766 2839 877 2906 spiritu
897 2854 961 2893 enm
982 2838 1050 2906 ipni
1063 2839 1097 2893 in
1116 2838 1245 2892 materia

126 2908 256 2965 laetante
275 2906 447 2979 frequenter
477 2915 504 2965 et
522 2909 722 2980 compluribus
742 2909 814 2965 loeis
832 2925 912 2965 nune
930 2907 1078 2979 dammas,
1097 2925 1177 2964 nune
1196 2925 1245 2964 aa·

19 3016 22 3023 ·
121 2997 332 3049 parentinae
358 2979 474 3050 furerem
494 2986 611 3037 eructet.
631 2981 701 3037 inde
724 2981 848 3050 denique
869 2982 983 3036 Aetnae
1001 2982 1111 3037 montis
1128 2997 1182 3049 per·
1201 2984 1242 3036 tat

126 3052 246 3108 saecula
259 3052 350 3108 durat
364 3053 544 3122 incendium,
560 3058 587 3108 et
602 3052 655 3108 ubi
669 3055 769 3109 aerim·
781 3069 837 3122 per
850 3054 1033 3122 spiramenta
1048 3068 1244 3107 cavernarum

124 3129 227 3180 uentus
239 3122 383 3192 incubuit,
399 3124 585 3181 harenarum
600 3123 689 3180 males
702 3129 863 3193 eperuntnr
874 3168 880 3179 .
892 3167 897 3178 .
910 3168 916 3178 .
931 3123 1030 3179 eadem
1043 3139 1136 3179 eausa
1152 3125 1242 3179 etiam

127 3197 241 3252 Aetnae
258 3201 414 3266 perpetuas
432 3199 516 3264 ienes
530 3193 616 3265 facit.
631 3213 701 3251 nam
717 3213 864 3266 aquarum
879 3195 932 3251 ille
945 3211 1106 3251 corroursus
1123 3200 1243 3262 raptum

104 3284 222 3335 ‚seeum
241 3270 384 3337 spiritum
397 3270 430 3324 in
446 3271 538 3324 imum
557 3267 686 3337 fiendum
705 3268 802 3323 trabit
822 3273 853 3322 at
873 3283 908 3322 ue
924 3265 970 3322 ibi
986 3264 1164 3336 suffocatum
1184 3270 1244 3321 tam

125 3340 177 3395 diu
197 3345 281 3409 tenet,
302 3339 391 3396 danea
411 3358 468 3409 per·
487 3341 672 3409 spiramenta
691 3344 789 3395 terrae
809 3284 940 3409 didusns
954 3340 1140 3394 nutrimenta
1160 3339 1243 3404 ienis

124 3411 272 3468 incendat.
298 3441 332 3449 —-
351 3411 482 3478 Dunque
503 3410 647 3468 tentamlo
667 3408 697 3466 di
717 3409 873 3467 tradurre:
894 3409 981 3466 “Per
1000 3412 1109 3477 questa
1129 3408 1177 3464 via
1199 3406 1242 3474 (di

124 3483 296 3550 spelonahe)
316 3481 333 3540 ὲ
353 3482 390 3539 da
410 3485 586 3540 ammettere
602 3483 623 3539 il
639 3490 729 3540 vento
745 3499 876 3550 pessare,
896 3498 912 3537 e
932 3480 1125 3538 nell’entrare
1146 3495 1243 3536 raseo-

125 3553 218 3622 gliere
238 3557 353 3611 semina
372 3558 460 3624 ienis,
480 3573 573 3611 arena
593 3574 608 3611 e
628 3554 702 3611 sassi
727 3584 754 3592 —
779 3554 806 3611 le
831 3553 914 3622 quali
933 3570 1001 3610 ease
1020 3570 1087 3609 sees
1111 3551 1243 3634 traseins

124 3645 140 3683 e
168 3628 318 3694 eostringe
346 3643 365 3682 a
390 3633 549 3694 penetrare
577 3644 630 3693 per
650 3625 679 3682 le
704 3625 779 3683 dove
805 3625 826 3681 il
849 3642 931 3681 mare
956 3623 1050 3681 laesia
1078 3622 1207 3690 seoperti
1232 3640 1242 3677 1

123 3698 181 3756 fori
202 3727 234 3735 -
255 3715 270 3754 e
290 3697 389 3755 soffiar
410 3697 567 3765 [soffiarlet
586 3697 639 3754 ofr.
655 3697 755 3768 efflare
774 3697 892 3753 transit.
912 3696 942 3752 ll
961 3695 1119 3762 8321fu0ri
1140 3713 1156 3751 e
1176 3711 1243 3762 per·

124 3768 168 3826 alb
199 3770 329 3827 sollevar
356 3768 474 3826 flamme
503 3788 519 3827 e
548 3769 662 3825 lanoiar
690 3769 767 3825 sessi
792 3787 808 3825 e
834 3767 969 3825 innalzar
997 3767 1096 3824 nembi
1129 3765 1159 3822 ili
1179 3783 1244 3822 are-

56 3841 60 3851 “
123 3859 198 3910 na,
261 3871 295 3879 -
315 3841 374 3895 700.
394 3842 565 3909 siebieetare,
586 3841 615 3897 in
635 3847 848 3909 eontrapposto
868 3838 898 3895 di
918 3839 1020 3896 toliere
1039 3838 1076 3896 ed
1095 3838 1243 3907 extollere,

123 3913 251 3981 esprime
276 3912 298 3968 il
319 3912 410 3970 molto
430 3913 583 3981 maggiore
611 3912 716 3969 sforza.
790 3940 824 3950 -
852 3929 962 3968 arenae
989 3910 1120 3980 nimbos;
1142 3910 1243 3966 Aetna

123 4003 149 4042 v.
170 3988 234 4042 199:
255 3984 386 4041 Pellitur
405 3985 566 4042 eabaustae
583 3986 772 4054 plameratim
788 3983 907 4041 nimbus
923 4001 1042 4053 arenae,
1059 3981 1243 4052 Ftapsantes

118 4063 284 4128 properant
303 4058 393 4114 nieles
412 4063 468 4113 ete.

193 4128 319 4183 tos-711.
345 4129 432 4185 Delle
455 4127 645 4186 inondezioni
675 4128 769 4185 estne
799 4128 845 4186 del
875 4128 944 4185 Nilo
971 4145 1031 4184 non
1057 4125 1072 4183 i
1098 4131 1180 4182 serta
1212 4124 1243 4183 la

121 4218 230 4270 oausa;
250 4199 360 4269 opperit
378 4201 520 4258 liuorezio
536 4205 682 4269 premette
699 4201 749 4268 qni
765 4202 820 4259 ebe
835 4200 866 4257 in
886 4200 960 4258 certi
976 4198 1037 4257 oasi
1054 4216 1111 4256 non
1133 4198 1156 4253 si
1172 4196 1243 4268 pub,
