3088 4694
345 249 411 324 234
656 248 721 323 DE
750 249 924 325 RERUM
947 249 1156 324 NATURA

367 396 452 467 haec
476 395 594 467 eadem
618 403 753 468 nostros
777 397 911 470 animos
935 420 1022 486 quae
1047 420 1125 468 curn
1149 394 1349 484 vigilamus,

366 517 475 584 usque
494 493 593 582 adeo,
618 501 709 567 certe
733 502 772 566 ut
795 494 978 568 videamur
1001 518 1140 566 cernere
1163 518 1241 565 eum
1266 518 1368 583 quern

366 593 502 666 rellicta
525 594 600 667 vita
624 594 694 666 iarn
718 619 811 668 mors
835 602 869 666 et
892 602 986 667 terra
1009 594 1165 685 potitust.

291 692 430 769 7001100
453 692 530 766 ideo
553 693 629 766 lieri
653 694 747 784 cogit
770 700 908 782 natura,
934 694 1026 785 quod
1049 717 1167 766 omnes

366 793 519 883 corporis
542 793 657 866 offecti
682 817 802 866 sensus
825 818 887 884 per
911 793 1066 865 membra
1089 793 1271 883 quiescunt

366 915 429 963 nso
452 898 596 981 possunt
619 891 746 964 falsum
770 892 863 965 reris
888 891 1092 965 convincere
1116 892 1227 964 rebus.

365 998 543 1080 praeterea
567 990 766 1075 meminisse
790 991 880 1064 iacet
904 989 1116 1081 languetque
1141 1014 1272 1080 sopore,

365 1112 428 1161 neo
451 1088 612 1162 dissentit
636 1114 715 1162 eum
739 1091 862 1163 mortis
886 1089 1015 1181 letique
1039 1089 1189 1181 potitum

291 1187 434 1265 70510111
459 1188 603 1279 pridem,
628 1214 728 1280 quern
753 1214 849 1262 mens
873 1190 992 1263 vivom
1016 1214 1051 1262 se
1076 1212 1216 1261 cornere
1241 1188 1361 1260 credit.

411 1286 422 1376 ll
439 1286 539 1374 Quod
561 1295 726 1379 superest,
750 1312 820 1362 non
844 1295 895 1361 est
918 1289 1047 1360 mirum
1071 1287 1258 1360 simulacra
1281 1286 1412 1360 moveri

365 1386 596 1477 bracchiaque
619 1388 657 1458 in
680 1412 864 1460 numerum
887 1388 1020 1460 iactare
1044 1393 1078 1458 et
1102 1393 1216 1459 cetera
1239 1387 1405 1458 membra·

365 1509 447 1557 nam
471 1484 510 1556 lit
533 1485 631 1558 utin
655 1487 783 1560 somnis
807 1487 920 1560 facere
944 1486 1010 1559 hoo
1032 1486 1193 1560 videatur
1215 1485 1352 1575 imago:

365 1584 503 1674 quippe,
527 1585 588 1657 ubi
610 1586 725 1676 prima
747 1586 837 1677 perit
860 1586 998 1677 alioque
1021 1592 1073 1659 est
1097 1584 1209 1657 altera
1231 1591 1317 1656 nata

292 1701 344 1758 770
367 1681 447 1753 inde
471 1689 574 1770 statu,
600 1684 695 1774 prior
718 1684 776 1757 hic
799 1692 935 1775 gestum
961 1692 1114 1758 mutasse
1138 1683 1288 1757 videtur.

367 1780 508 1870 scilicet,
532 1782 569 1854 id
592 1782 667 1856 lieri
691 1783 793 1856 celeri
817 1784 951 1857 ratione
976 1783 1221 1874 putandumst:

366 1885 466 1951 tanta
488 1889 540 1953 est
563 1880 740 1955 mobilitas
763 1889 797 1954 et
821 1907 938 1955 rerum
962 1883 1062 1973 copia
1084 1888 1195 1970 tanta,

369 1986 535 2072 tantaque
559 1982 715 2055 sensibili
738 1983 861 2074 quovis
885 1989 936 2057 est
959 1989 1112 2073 tempore
1136 1981 1173 2052 in
1196 2003 1265 2052 uno

348 2160 561 2186 .....................'..

344 2292 465 2364 oipiict·
486 2293 543 2352 “la
561 2297 671 2364 mente,
690 2294 746 2353 cho
765 2291 781 2353 ὲ
801 2295 925 2368 sveglia,
943 2296 1028 2355 vodo.
1043 2342 1056 2368 ,
1136 2326 1169 2335 -
1190 2295 1255 2353 799.
1276 2294 1330 2353 cfr.
1351 2295 1411 2353 732.
1429 2292 1465 2351 Di

345 2375 450 2434 questo
464 2385 531 2425 caso
551 2366 695 2425 Lucrezio
709 2386 769 2425 non
789 2366 827 2426 dd
843 2370 1044 2439 spiegszione,
1063 2387 1145 2427 come
1161 2368 1228 2426 l’ha
1244 2367 1316 2424 data
1329 2368 1379 2437 pei
1395 2365 1468 2424 Oen-

345 2437 440 2509 tauri;
460 2438 482 2494 il
505 2438 601 2507 primo
616 2441 755 2507 pensiero
775 2438 791 2497 ὸ
811 2440 865 2498 che
885 2442 910 2498 si
929 2443 1015 2499 tratti
1035 2440 1065 2497 di
1089 2440 1162 2499 idoli
1181 2439 1336 2509 superstiti
1356 2438 1405 2496 del
1420 2437 1467 2495 de·

344 2510 439 2579 funto,
455 2528 537 2568 come
551 2509 600 2568 nel
617 2512 763 2570 succitato
780 2514 910 2582 esempio
927 2513 1115 2571 ciceroniano
1131 2511 1306 2570 dell’ombra
1323 2510 1353 2567 di
1364 2511 1468 2568 Mario·
1535 2558 1536 2567 ,

344 2580 394 2637 Ma
413 2581 467 2639 che
484 2581 555 2639 idoli
574 2581 679 2640 siffatti
699 2601 827 2652 possano
847 2586 1059 2653 soprarrivero
1080 2583 1221 2643 incolumi
1239 2584 1250 2641 i
1265 2582 1359 2641 mezzi
1379 2580 1468 2641 secoli
1535 2626 1536 2645 2

344 2672 360 2709 e
380 2654 389 2709 i
409 2652 509 2723 secoli,
529 2672 611 2712 come
625 2672 696 2713 vere
711 2656 814 2714 ombre
830 2656 1050 2715 d’Achoronte?
1070 2656 1145 2715 Sara
1164 2658 1268 2713 invene
1285 2654 1323 2711 da
1340 2671 1467 2723 pensare
1535 2700 1536 2705 ,

344 2723 406 2782 alla
424 2725 538 2794 grande
558 2725 675 2784 facilitia
695 2746 750 2786 con
775 2729 823 2786 cui
842 2725 1076 2798 idoli-occuluere,
1095 2728 1167 2786 idoli
1187 2727 1288 2796 d'ogni
1307 2745 1388 2795 cosa,
1405 2743 1469 2796 pos·

344 2796 431 2854 sibile
450 2816 466 2855 e
486 2798 678 2870 impossibile,
699 2801 842 2858 asistente
861 2820 878 2859 o
895 2821 954 2860 non
970 2802 1022 2871 pin
1038 2802 1190 2866 esistente,
1206 2800 1232 2857 si
1246 2800 1468 2868 improrvisano

244 2938 247 2945 ⁴
344 2869 588 2928 continuamente
617 2869 647 2925 ἐν
677 2870 714 2946 τῷ
732 2874 893 2947 περιέχοντι
917 2867 1005 2931 iterat
1024 2868 1070 2929 iri
1097 2867 1125 2928 τὸ
1149 2866 1189 2946 μὴ
1214 2873 1274 2926 δεῖν
1292 2863 1363 2925 κατὰ
1384 2864 1468 2941 [9119ος

350 2942 380 3003 τὸ
402 2948 593 3026 συμπλήρωμὰ
610 2956 750 3023 γίνεσθαι,
765 2954 894 3012 secondo
910 2954 975 3013 dice
991 2956 1120 3025 Epicuro
1136 2955 1185 3011 nel
1204 2950 1255 3021 gia
1271 2951 1364 3010 citato
1380 2967 1467 3021 passo

345 3029 384 3085 od
403 3029 476 3087 Her.
497 3033 540 3088 48.
615 3061 647 3070 -
674 3033 793 3090 rellicta
817 3036 880 3091 cito
898 3053 952 3091 con
972 3034 1062 3092 Bern.
1078 3034 1186 3092 Munro
1205 3050 1222 3090 e
1241 3032 1311 3101 Brg.
1332 3049 1387 3101 per
1406 3031 1470 3088 rod·

344 3101 409 3160 dito
433 3105 513 3172 0110,-
538 3102 714 3161 Lachmann
741 3105 861 3163 reddito
883 3125 941 3176 pro
966 3110 1036 3164 vita.
1110 3136 1143 3145 -
1165 3104 1308 3170 7691100,
1328 3101 1409 3161 ciob:
1435 3108 1467 3159 ut

344 3179 419 3231 certe
446 3175 601 3232 videantur
629 3194 756 3234 carcerc.
844 3208 879 3216 -
905 3178 964 3236 761.
984 3178 1089 3305 offecti,
1118 3177 1171 3236 elr.
1190 3176 1221 3233 Il
1249 3176 1300 3233 156
1330 3172 1465 3246 officiun-

344 3251 402 3302 tur.
458 3247 566 3304 -793,
583 3251 761 3319 meminisse,
774 3252 899 3307 sostant.
962 3279 991 3288 -
1025 3250 1073 3304 sl.
1088 3269 1153 3308 eam
1165 3252 1270 3307 mortis
1280 3251 1417 3318 potitum.
1433 3246 1468 3302 Iu

345 3319 396 3374 759
411 3336 491 3376 neore
501 3322 600 3389 potita
616 3327 659 3377 est
674 3339 739 3378 eum
747 3341 760 3394 ,·
778 3322 845 3391 qui:
862 3325 889 3379 is
899 3325 1016 3393 potitus
1029 3330 1071 3380 cst
1086 3324 1200 3381 mortis.
1255 3347 1291 3360 -
1306 3320 1415 3377 mortis
1431 3319 1468 3375 tc·

344 3392 431 3458 tique,
445 3388 579 3448 un’altra
592 3392 768 3461 tautologia.
824 3425 859 3433 -
871 3395 1018 3463 dissentit,
1032 3398 1105 3454 nota
1118 3393 1138 3452 l’
1146 3391 1267 3451 insolita
1280 3390 1468 3449 costruzicne

344 3458 410 3517 coll‘
419 3461 471 3518 inf.
527 3490 563 3502 -
573 3463 640 3518 766.
655 3465 732 3535 quod
746 3473 878 3535 superest
892 3465 905 3491 ‘⁴
916 3466 964 3524 del
981 3471 1061 3525 resto
1073 3506 1099 3537 ,.
1146 3495 1180 3504 -
1193 3464 1251 3521 767.
1265 3467 1298 3521 ia
1311 3480 1469 3520 numerum

343 3531 376 3587 fa
391 3550 519 3600 pensare
530 3533 590 3592 alla
604 3537 727 3595 saltatio
731 3556 744 3608 ,·
756 3556 805 3595 rna
817 3538 962 3597 Lucrezio
975 3558 1070 3608 pensa
1082 3538 1228 3608 piuttcsto
1244 3535 1274 3593 al
1286 3534 1469 3616 comminare

344 3621 360 3660 e
377 3602 406 3660 al
422 3622 548 3672 cornere,
563 3605 638 3665 dove
653 3606 699 3665 c’d
716 3609 812 3667 anche
825 3629 866 3668 un
882 3614 962 3669 moto
978 3610 1094 3669 ritmico
1111 3608 1189 3668 delle
1202 3606 1356 3675 membra3
1377 3624 1471 3675 epor-

277 3686 281 3693 “
344 3673 399 3759 che
415 3695 474 3734 non
488 3676 504 3736 ὸ
517 3677 638 3737 'escluso
654 3681 724 3749 ogni
740 3681 819 3739 altro
834 3700 945 3752 genere
962 3682 991 3740 di
1008 3681 1139 3751 regelari
1155 3697 1308 3750 morenzo,
1328 3677 1398 3736 surb
1410 3695 1470 3736 me·

344 3747 404 3815 glro
421 3749 560 3808 tradurre
580 3749 876 3812 “coordinatamente
889 3775 916 3825 ,3
929 3755 983 3813 cfr.
999 3757 1052 3811 786
1064 3773 1107 3823 eg.
1157 3784 1190 3791 -
1201 3750 1258 3806 799
1272 3769 1336 3821 sgg.
1351 3751 1414 3809 atio
1426 3793 1432 3807 .
1443 3791 1470 3807 ..

343 3824 433 3891 statu,
455 3819 514 3879 “in
532 3822 611 3880 ultra
628 3824 766 3893 positura
780 3869 811 3895 ,.
885 3856 918 3866 —
938 3827 1008 3885 iude
1027 3825 1044 3884 ὸ
1063 3824 1238 3895 temporale.
1295 3853 1330 3863 -
1347 3823 1469 3880 77910·

343 3909 410 3949 rum
420 3916 452 3938 =
463 3896 649 3966 immicum,
668 3897 720 3965 qui
733 3896 761 3955 le
775 3901 924 3967 immines
939 3918 1011 3958 sono
1031 3898 1059 3956 le
1075 3918 1133 3957 rea.
1206 3893 1314 3952 -179
1331 3894 1471 3953 scircibili

344 3969 470 4034 tempore
491 3970 524 4023 in
550 3986 609 4025 000
631 3969 643 3992 “
658 3968 707 4025 nel
734 3969 853 4028 minimo
882 3974 982 4040 tempo
1009 3970 1178 4039 sensibile,
1202 3986 1230 4016 =
1253 3975 1337 4038 temp.
1358 3971 1392 4026 in
1410 3984 1470 4025 uno

343 4037 422 4162 poor
439 4042 583 4097 sentimus
602 4044 658 4098 etc.
686 4041 738 4098 792
757 4061 800 4110 sg.
816 4064 852 4087 =
872 4040 903 4096 ἐν
923 4042 1048 4117 αἰσθητῷ
1067 4041 1160 4118 χρόνῳ
1179 4041 1209 4098 di
1227 4039 1361 4109 Epicuro
1389 4037 1469 4095 nelle

356 4110 454 4165 ettera
472 4127 491 4166 a
509 4110 641 4169 Erodoto
660 4114 709 4177 47;
735 4131 751 4170 e
771 4133 790 4170 a
809 4119 916 4184 questo
935 4116 960 4173 si
986 4120 1189 4185 contreppone
1209 4114 1240 4170 iu
1260 4111 1392 4181 Epicuro
1411 4105 1470 4166 li·

342 4186 505 4261 περινόητος
525 4184 625 4266 χρόνος
646 4191 694 4249 “il
715 4197 815 4263 tempo
835 4195 1094 4267 impereettibile,
1123 4195 1163 4253 lb.
1184 4195 1230 4265 46,
1250 4210 1267 4249 0
1290 4193 1300 4248 i
1321 4185 1368 4246 iri
1388 4184 1470 4262 λόγου
