3176 4698
473 256 621 332 LIBER
643 259 698 333 Vl
724 260 868 332 138-155

120 397 318 488 perscindat
342 399 467 471 nubem
494 401 712 490 perfringens
736 402 862 492 impete
889 410 998 476 recto:

120 521 202 570 nam
227 497 311 588 quid
336 499 443 587 possit
465 500 515 572 ibi
537 500 641 574 flatus
664 501 851 574 manifesta
873 502 971 575 docet
994 528 1059 593 res,

39 605 97 661 140
120 596 187 685 hic,
212 597 273 668 ubi
295 597 407 670 lenior
430 606 492 688 est,
517 600 554 672 in
577 609 672 674 terra
697 626 775 674 cum
798 609 915 675 tamen
939 603 1011 676 alta

120 697 264 769 arbusta
288 697 449 770 evolvens
473 699 649 773 radicibus
673 700 792 774 haurit
816 702 860 774 ab
883 701 974 774 imis.

120 802 201 868 sunt
224 795 330 868 etiam
354 797 479 871 fluctus
505 823 564 887 per
587 800 719 888 nubila,
744 801 805 891 qui
828 801 928 892 quasi
951 825 1110 874 murmur

118 895 203 967 dant
226 895 263 967 in
289 895 483 987 frangendo
506 900 673 988 graviter
698 899 790 990 quod
813 900 897 972 item
913 899 951 972 fit
975 899 1117 975 inultis

120 994 322 1068 fluminibus
345 1020 541 1089 magnoque
562 998 660 1086 mari,
686 1022 764 1070 curn
788 998 967 1089 frangitur
990 1006 1117 1073 aestus.

40 1103 96 1161 145
120 1094 159 1166 fit
183 1119 329 1186 quoquo,
355 1095 415 1167 ubi
438 1120 455 1167 e
479 1097 564 1169 nubi
587 1098 625 1169 in
649 1097 776 1169 nubem
800 1098 853 1170 vis
876 1097 1000 1173 incidit
1020 1097 1145 1172 ardens

120 1193 287 1283 fulminis,
312 1194 397 1267 haec
419 1194 529 1268 multo
553 1196 584 1268 si
606 1195 695 1268 forte
720 1220 839 1268 umore
863 1197 992 1287 recepit

120 1291 248 1382 ignem,
274 1294 437 1366 continuo
461 1301 500 1367 ut
524 1318 652 1384 magno
677 1295 826 1368 clamore
850 1295 1017 1382 trucidet3

121 1397 160 1462 ut
182 1391 303 1464 calidis
327 1394 478 1466 candens
501 1394 634 1468 ferrum
658 1419 676 1466 e
700 1395 900 1469 fornacibus
925 1395 1009 1467 olim

119 1491 245 1579 stridit,
270 1494 331 1566 ubi
354 1494 392 1565 in
414 1493 570 1583 gelidum
591 1518 733 1586 propere
756 1495 983 1569 demersimus
1006 1495 1163 1569 imbrem.

38 1593 96 1651 150
119 1591 251 1664 aridior
275 1617 376 1683 norro
400 1594 430 1666 si
452 1594 561 1666 nubes
585 1595 865 1685 accipitignem,

119 1690 234 1762 uritur
255 1690 390 1780 ingenti
415 1692 532 1766 sonitu
556 1717 721 1766 succensa
744 1700 904 1784 repentc;
946 1749 951 1758 .

119 1789 327 1863 lauricomos
350 1804 390 1863 ut
413 1791 442 1863 si
467 1815 528 1881 per
551 1792 678 1864 montis
702 1792 844 1864 flamma
867 1799 1018 1882 vagetur

120 1887 258 1959 turbine
284 1896 466 1961 ventorum
491 1890 696 1964 comburens
716 1890 842 1980 impete
866 1915 1009 1980 magno:

119 2011 181 2058 nec
204 2011 259 2059 res
283 1986 356 2060 ulla
378 1988 491 2078 magis
516 2012 620 2080 quam
645 1988 779 2061 Phoebi
801 1989 976 2080 Delphica
998 1989 1119 2063 laurus

42 2085 97 2143 155
121 2085 268 2159 terribili
292 2088 408 2161 sonitu
434 2088 574 2161 damma
597 2089 790 2179 crepitante
814 2095 997 2161 crematur.

102 2275 311 2288 m

98 2391 363 2455 araaataaralo).
436 2419 463 2429 -
491 2388 556 2443 140.
576 2407 641 2446 cunr
660 2388 708 2445 hic
729 2389 763 2444 iu
788 2393 880 2456 terra,
901 2388 955 2445 ubi
976 2388 1074 2447 lenior
1099 2396 1149 2454 est,
1178 2395 1223 2446 ta·

473 2531 952 2600 <

99 2533 546 2689 ddddcilbtepdlgmddlldrbrdidat.
565 2551 817 2662 Inveeifuaahm.
837 2622 853 2660 c
872 2576 961 2661 Bern:
981 2605 1016 2661 id
1033 2623 1145 2676 quoque
1169 2623 1224 2688 ner

47 2744 51 2751 ·
98 2678 263 2807 trull·
278 2677 323 2807 bl
342 2674 1024 2808 trulltiburstellatur-ll
1038 2677 1224 2817 attila

99 2770 207 2891 legion
226 2769 365 2880 d’esserqc.
390 2768 427 2861 q-
455 2767 596 2878 TTqalora
621 2839 663 2878 un
686 2791 817 2902 dulmine
846 2767 977 2878 docendo
1005 2819 1043 2877 da
1062 2840 1123 2878 una
1143 2821 1224 2878 nube

100 2892 238 2963 (giacchd
256 2892 396 2951 vedremo
406 2893 470 2950 'che
490 2893 499 2950 i
515 2892 635 2950 fulmini
650 2891 676 2949 si
690 2891 869 2949 fabbrrcanc
884 2892 915 2949 in
927 2893 1051 2960 grembo
1066 2893 1125 2951 alle
1138 2893 1225 2957 nubi)

100 2965 287 3037 penetrando
307 2967 337 3023 iu
356 2964 496 3034 un’altra‚
516 2982 548 3022 se
567 2972 674 3033 questa
693 2981 747 3032 per
766 2966 946 3047 arventura·
959 2964 998 3021 ha
1017 2963 1124 3048 dentro
1144 2964 1174 3022 di
1193 2963 1225 3048 sb

100 3036 300 3096 abbondanza
325 3037 355 3094 di
383 3040 498 3095 semina
517 3040 618 3107 currui,
646 3036 746 3104 questi
764 3053 919 3118 spengcno
939 3035 960 3091 rl
979 3035 1115 3105 fulmine,
1143 3036 1226 3094 oclb

100 3128 156 3168 con
176 3109 289 3178 grande
309 3108 446 3167 stridore.
462 3149 475 3174 „
496 3108 604 3166 Muuro
630 3108 690 3165 cita
715 3107 767 3177 qui
786 3107 863 3165 Plrn.
883 3108 914 3164 Il
934 3108 986 3163 122
1012 3125 1076 3164 cum
1101 3127 1169 3166 cero
1188 3113 1223 3166 in

101 3180 208 3240 lercham
222 3185 411 3254 perveniunt,
423 3199 561 3252 uaporem
580 3182 734 3238 dissonum
752 3181 840 3248 ciani
862 3185 895 3235 ut
921 3179 1063 3265 candente
1089 3179 1173 3266 ferro
1191 3184 1225 3237 in

101 3272 210 3327 uquam
238 3255 369 3311 demerso
398 3259 424 3339 et
451 3271 601 3311 nummum
629 3268 787 3311 vonrrcnnr
816 3250 1027 3376 vofssvffffilgmcu
1043 3267 1134 3379 didm
1157 3270 1226 3334 pro

100 3324 842 3478 altamturdor·albam
954 3366 1036 3450 nu
1062 3339 1226 3477 pdrdlaldi

101 3487 205 3527 umore
224 3486 347 3537 aeques,
367 3467 463 3525 allcra
482 3470 589 3537 questa
613 3466 841 3524 incendrandosr
866 3484 920 3549 corr
946 3464 1061 3533 grande
1087 3466 1225 3523 violenza

101 3540 234 3611 produce
253 3540 348 3597 anche
368 3543 682 3609 incastraturarum
709 3556 791 3621 come
820 3555 947 3622 auriono
974 3536 1020 3595 del
1047 3536 1133 3621 lauro
1162 3537 1226 3606 che,

102 3611 228 3698 essendo
257 3613 377 3669 crudior
404 3630 420 3670 e
448 3612 501 3681 piu
519 3610 735 3696 inflammabile
763 3610 793 3666 dr
812 3610 889 3667 altre
908 3612 1021 3678 prante,
1045 3609 1151 3666 brucia
1171 3626 1227 3667 con

8 3742 14 3749 ·
103 3683 874 3824 marli?darilla⁰ptb⁹ltaltll⁰filt¹rll
886 3680 1228 3823 tardabatur

100 3758 278 3914 ddblddova'dn
297 3838 487 3906 συνεφλέχθαι
506 3797 619 3896 καῖ’τὰς
639 3828 754 3919 βροντὰς
772 3827 979 3891 anonumum.
1000 3816 1086 3962 llllrrn
1107 3835 1228 3962 addissa·

102 3916 241 4041 ltltl’
260 3908 525 4037 ⁸⁹.⁰.⁰¹¹lalrrlt?
534 3907 1247 4063 subtillapllll3³llplltlld&wallibi--

103 4050 237 4123 gracche,
256 4052 388 4110 sebbene
407 4051 551 4111 Lucrszic
579 4071 639 4109 nou
667 4050 758 4120 negbi
786 4050 840 4108 che
867 4051 889 4107 rl
910 4052 1000 4108 vento
1020 4058 1096 4107 arutr
1114 4050 1136 4107 rl
1155 4069 1230 4109 cone

105 4127 219 4195 harere,
247 4126 299 4193 qui
328 4122 400 4192 perb
419 4124 439 4180 il
469 4124 636 4181 comburere
663 4126 767 4195 impete
791 4140 897 4193 tircano
924 4120 941 4178 ὁ
965 4122 1230 4189 particolarmcnte

104 4192 208 4257 effetto
228 4196 308 4255 della
326 4195 480 4265 maggicrc
500 4197 632 4253 ariditas
659 4194 707 4253 del
726 4196 821 4253 lauro.
892 4193 1010 4251 -1tu
1033 4193 1108 4252 Aera
1122 4194 1183 4251 VII
1196 4197 1231 4251 74

167 4302 316 4355 Lucnnrro.
334 4302 373 4354 De
388 4317 479 4354 rerum
495 4307 606 4355 natura.
1140 4301 1168 4350 13
