3168 4698
482 327 630 404 LIBER
652 329 707 403 VI
731 331 879 403 est-960
1180 333 1253 406 277.

190 464 272 540 Huc
296 469 432 542 accedit
455 470 506 542 uti
530 494 600 543 non
624 471 751 558 omnia,
776 494 866 561 qnae
889 469 1068 542 iaciuntur

72 579 124 634 960
146 590 292 657 corpora
315 592 461 661 cumque
485 570 529 642 ab
553 571 666 658 rebus,
691 569 807 642 eodem
833 569 992 660 praedita
1015 594 1116 643 sensu

123 887 258 946 morbida
273 891 318 946 ols
330 884 347 946 ὲ
359 905 441 958 segg.
456 886 536 946 nella
548 887 666 953 lacuna,
679 886 756 946 vedo
770 888 822 958 qui
837 888 933 956 (come
947 887 1043 958 Polie)
1058 907 1099 946 ιιιι
1114 893 1243 960 esempio

123 977 239 1031 nuov03
258 978 307 1017 ma
326 977 437 1018 ancora
456 959 506 1028 qui
526 965 612 1017 trovo
631 959 757 1018 assurdo
777 979 859 1019 come
879 962 1009 1030 esempio
1029 961 1059 1018 di
1071 963 1204 1030 porositia
1222 965 1242 1021 il

122 1031 211 1089 facile
230 1031 368 1101 viaggiar
387 1046 441 1101 per
459 1031 644 1090 l’atmosiera
665 1031 693 1088 di
713 1032 786 1090 nubi
812 1051 828 1090 e
853 1036 1009 1100 tempesta,
1034 1051 1051 1090 e
1076 1033 1164 1092 credo
1190 1035 1241 1104 piir

124 1103 220 1161 vicino
240 1103 270 1160 al
288 1121 360 1161 vero
378 1104 399 1160 il
415 1103 598 1173 Lachmann,
617 1120 677 1160 non
694 1122 746 1171 per
762 1103 792 1161 ia
811 1122 866 1161 sua
886 1103 1016 1161 lezione:
1036 1111 1063 1161 et
1078 1112 1243 1176 tempestate

123 1178 155 1231 lu
175 1181 257 1233 terre
276 1176 411 1247 caeloque
429 1182 529 1234 coorto
549 1182 702 1245 terrasque
717 1182 845 1235 remotae
860 1176 974 1245 (gemit.)
990 1179 1062 1234 iuro
1078 1176 1240 1260 facessunt,

121 1263 170 1303 ma
182 1265 236 1316 per
248 1246 278 1304 ia
294 1265 349 1305 sua
360 1246 628 1316 interpretacione3
642 1245 702 1314 egli
715 1246 795 1306 dice:
811 1247 823 1271 “
832 1266 937 1306 versus
950 1247 1085 1305 facillimi
1096 1249 1242 1318 interpre-

121 1317 202 1375 tibus
217 1317 317 1377 nescio
336 1317 483 1388 quomodo
502 1318 623 1377 obscuri
641 1319 698 1375 visi
717 1326 796 1377 sunt.
816 1319 917 1377 omnia
935 1337 1005 1377 rara
1025 1339 1090 1377 esse
1110 1319 1190 1391 dicit,
1210 1330 1240 1379 et

121 1393 330 1458 tempestatem
354 1389 474 1460 quidem
492 1408 553 1448 non
571 1391 669 1448 minus
693 1409 782 1457 quam
802 1391 917 1450 caelum
938 1394 969 1448 et
988 1394 1097 1449 terram
1122 1392 1240 1461 (questo

122 1479 159 1518 no
170 1461 205 1528 l):
224 1461 302 1521 hanc
321 1463 407 1529 enim,
428 1481 494 1521 cum
512 1462 544 1520 in
561 1468 646 1521 terra
664 1465 695 1518 et
709 1463 792 1523 caelo
808 1463 969 1532 cooriatur,
985 1468 1085 1521 tamen
1099 1481 1159 1522 non
1173 1481 1240 1522 con·

122 1536 212 1603 stare,
231 1532 284 1591 sed
303 1552 373 1592 mox
392 1541 446 1592 tem
468 1536 573 1593 estatis
591 1538 625 1591 iu
644 1534 757 1592 eaelum
776 1541 931 1606 terrasque
949 1534 1097 1593 resolutae
1111 1535 1179 1592 iura
1199 1536 1242 1594 fa·

121 1622 236 1662 cessere
250 1645 274 1671 „.
294 1605 427 1664 Barocca
445 1553 653 1677 impressione
667 1622 683 1687 e
696 1603 726 1662 la
737 1608 933 1670 costruziona
947 1624 995 1663 ma
1008 1604 1053 1663 c’e
1067 1607 1088 1664 il
1104 1609 1241 1675 pensiero

119 1675 218 1745 giusta
237 1676 316 1735 nelle
332 1677 435 1746 parole
451 1677 506 1736 che
522 1678 561 1737 ho
574 1675 767 1736 sottolmeete
786 1677 814 1743 (e
834 1678 865 1735 vi
880 1677 1024 1737 s’accosta
1039 1677 1060 1733 il
1076 1677 1240 1748 Postgate).

120 1748 283 1817 Leggendo
302 1755 329 1806 et
346 1752 529 1821 tempestates
553 1755 677 1816 coortae,
696 1748 836 1807 intendo:
858 1749 909 1805 “E
926 1749 954 1806 le
974 1753 1129 1820 tempests,
1145 1751 1240 1810 ascite

120 1819 200 1877 fuori
215 1818 265 1878 dal
284 1821 359 1879 oielo
379 1839 395 1878 c
415 1820 495 1879 dalla
514 1830 597 1879 terra
616 1822 682 1889 (efr-
696 1822 835 1890 470-482),
854 1821 903 1890 poi
923 1822 1113 1890 scompaiono
1130 1820 1241 1892 (faces-

120 1891 206 1962 suut)
225 1892 257 1949 in
275 1892 368 1950 breve
384 1899 483 1961 tempo
496 1892 670 1951 riassorbite
684 1890 831 1963 (remotae,
848 1890 912 1950 ciob
929 1893 1079 1950 “rimasse
1092 1895 1117 1964 ,)
1133 1892 1240 1953 dentre

119 1962 149 2020 la
161 1967 243 2020 terra
256 1965 353 2033 (come
365 1965 487 2033 pioggia
500 1966 681 2037 sopratutto)
700 1983 716 2022 e
730 1964 836 2022 dentro
850 1964 870 2021 il
885 1963 976 2033 cielo;
993 1983 1009 2021 e
1025 1962 1069 2022 cib
1085 1965 1176 2023 molto
1189 1984 1242 2023 na-

120 2034 302 2094 turalmente
316 2036 409 2105 (turm
428 2036 481 2093 cir.
495 2037 541 2093 col
554 2036 679 2106 Brisger
694 2042 761 2096 lure
767 2042 896 2107 pereum-t
911 2035 942 2093 II
957 2037 1063 2104 1139),
1085 2057 1104 2106 p
1116 2037 1240 2095 arche

119 2107 128 2162 i
153 2106 228 2165 due
248 2108 365 2176 corpi
384 2107 517 2164 solidi
543 2125 560 2165 o
586 2109 805 2179 compatti,
825 2107 934 2165 cielo
953 2125 970 2164 e
990 2114 1121 2180 terra,
1141 2126 1240 2167 sono

119 2179 280 2249 porosi;
304 2177 359 2237 che
378 2197 437 2237 non
465 2177 517 2236 c'b
536 2179 621 2236 nulla
645 2181 736 2250 (delle
755 2198 804 2237 res
823 2180 951 2245 areolae)
971 2178 1025 2237 che
1045 2197 1104 2236 non
1124 2181 1170 2236 sia
1189 2199 1238 2249 po·

119 2267 186 2308 roso
201 2252 285 2318 (958).
301 2251 392 2309 Forse
412 2251 517 2308 invece
533 2251 563 2308 di
580 2255 646 2310 iure
665 2252 796 2322 egiusto
812 2251 832 2308 ii
848 2250 950 2308 rursu’
967 2251 997 2307 di
1012 2251 1144 2320 Madvig.
1163 2252 1237 2310 Diae
1335 2298 1338 2303 .

120 2321 140 2378 il
166 2322 273 2380 Munro
304 2322 359 2380 che
378 2322 525 2393 facessere
551 2323 600 2381 nel
620 2342 707 2383 senso
731 2324 760 2380 di
783 2323 795 2347 ‘⁴
810 2322 1005 2392 andarscne,
1032 2341 1105 2392 pare
1129 2340 1188 2381 non
1214 2325 1239 2380 si

119 2394 197 2452 trovi
214 2394 296 2462 negti
314 2394 428 2453 antichi
447 2394 502 2453 che
521 2413 603 2452 come
616 2397 825 2466 imperativoo
841 2396 926 2464 quasi
939 2394 1135 2463 imperativo;
1153 2395 1239 2453 eche

118 2483 150 2522 se
165 2464 296 2534 Apuleio
315 2484 369 2523 usa
384 2485 445 2524 una
461 2466 584 2524 dozzina
600 2466 630 2524 di
646 2469 727 2526 volte
746 2467 842 2525 anche
858 2465 980 2537 facesso,
999 2464 1131 2538 facessit,
1146 2465 1238 2537 faces·

118 2544 195 2604 sieut,
214 2536 379 2608 facessete
399 2537 509 2606 perche
528 2539 597 2608 egli,
612 2538 852 2598 scimmiottando
871 2539 913 2606 gli
932 2537 1054 2609 antichi,
1073 2538 1113 2595 ha
1131 2538 1238 2606 proba·

117 2608 261 2666 bilmente
280 2609 501 2677 generalinzato
521 2611 616 2668 anche
635 2612 714 2671 fuori
734 2609 1007 2678 dell’imperativo;
1025 2609 1054 2667 io
1074 2610 1237 2679 prefecisco

118 2679 227 2739 vedere
252 2681 281 2738 in
302 2681 445 2739 Lucrezio
459 2700 499 2739 un
519 2700 612 2751 segno
631 2684 686 2741 che
705 2683 808 2752 quella
827 2681 1008 2739 limitatione
1028 2701 1045 2739 o
1065 2700 1124 2740 non
1144 2683 1238 2753 c'eru,

118 2770 135 2809 o
154 2771 214 2810 non
230 2770 282 2810 era
298 2752 389 2812 molto
404 2752 510 2822 rigida.
529 2753 649 2821 Quanto
669 2755 730 2814 alla
748 2755 884 2813 morbida
902 2757 947 2810 uis
965 2759 1187 2811 attraversante
1208 2754 1237 2811 la

118 2823 213 2882 lorica
225 2823 310 2893 coeli,
325 2824 394 2882 redi
409 2843 428 2882 a
442 2826 603 2884 loss-1135.
619 2827 699 2884 Dato
715 2828 745 2884 la
759 2825 1014 2894 interpretatione
1028 2825 1079 2894 qui
1095 2829 1237 2894 proposta

118 2893 134 2952 b
156 2914 225 2953 men
243 2895 399 2964 probabile
418 2897 473 2954 che
492 2896 523 2954 la
542 2914 611 2955 cosa
636 2898 690 2956 ohe
709 2900 779 2965 vien
799 2897 905 2956 dentro
925 2900 1093 2955 attraverso
1113 2897 1141 2954 al
1161 2896 1236 2956 cielo

118 2966 241 3025 insieme
261 2967 338 3027 colla
356 2969 493 3026 euorbida
512 2971 565 3038 uls,
590 2987 607 3027 e
627 2971 781 3028 nominata
809 2969 889 3027 neila
908 2967 1027 3037 lacuna,
1047 2970 1092 3025 sia
1111 2987 1236 3038 corpora

116 3040 241 3097 nubium
260 3039 491 3111 nimborumque,
506 3039 616 3109 perche
638 3042 766 3100 sarebbc
782 3041 879 3098 allora
893 3058 954 3096 una
974 3041 1149 3108 ripetizione
1169 3047 1237 3098 tem-

114 3117 242 3182 pestates
257 3129 299 3168 ..’.
326 3111 406 3170 eaelo
425 3118 557 3184 coortam·
580 3131 596 3170 e
616 3114 640 3169 si
665 3113 758 3172 rende
785 3131 844 3170 non
874 3111 1072 3179 improbabile
1098 3111 1236 3169 un’aitra

118 3183 226 3241 lacuna
253 3184 347 3252 (pes.
376 3181 421 3240 coi
448 3182 574 3253 Brieger
598 3189 646 3242 tra
665 3187 804 3254 aec-eoo),
836 3181 944 3251 perche
970 3183 1066 3239 anche
1093 3182 1172 3240 della
1192 3187 1236 3240 uls

116 3255 253 3313 ruortlela
266 3272 326 3312 non
342 3255 367 3311 si
383 3253 449 3311 dica
462 3255 525 3313 solo
539 3255 690 3326 l'entrare,
704 3270 754 3323 ma
772 3256 867 3313 anche
883 3254 1009 3323 l’uscire,
1023 3258 1193 3311 attraverso
1207 3254 1237 3311 ia

117 3326 212 3384 lorica
226 3326 303 3384 coeli
313 3325 450 3395 (senche,
463 3327 551 3395 forse,
571 3328 617 3385 da
637 3346 653 3385 e
674 3334 788 3387 entre
809 3329 837 3384 la
856 3329 957 3390 terra).
1030 3355 1065 3364 -
1081 3326 1148 3381 958.
1162 3344 1235 3384 roro

117 3415 237 3469 corpore
255 3415 363 3456 meorum
382 3400 428 3455 coi
447 3417 514 3456 mss.
534 3417 550 3456 e
570 3404 673 3458 contro
693 3400 814 3458 Lachm.
834 3398 923 3455 Bern.
943 3397 1064 3453 Mnnro:
1083 3415 1156 3454 roro
1175 3416 1236 3455 eor·

110 3471 193 3541 pori’
205 3488 291 3528 ueuu.
303 3470 372 3538 Brg.
392 3489 498 3527 rurum
511 3488 630 3542 corpore
648 3489 764 3529 meeum.
781 3472 855 3528 Dice
876 3470 896 3526 ii
912 3470 1032 3526 Lacbm.
1055 3467 1067 3491 “
1079 3487 1153 3526 roro
1172 3487 1233 3526 eor·

115 3560 185 3612 pore
204 3559 321 3599 meeum.
340 3541 424 3600 Haec
444 3541 575 3599 absurda
593 3547 679 3600 sunt:
708 3543 820 3600 nullum
841 3547 886 3600 est
906 3541 984 3598 enim
1004 3558 1105 3597 rarum
1125 3558 1232 3609 corpus

115 3631 175 3682 qno
193 3632 242 3670 res
260 3613 340 3672 inter
359 3632 390 3671 se
410 3614 640 3682 coniungantur.
659 3616 748 3673 immo
767 3633 815 3672 res
831 3614 914 3682 ipsas
933 3629 1002 3669 raro
1022 3629 1145 3680 corpore
1165 3617 1235 3668 sont

115 3686 187 3754 sive,
204 3685 283 3754 quod
299 3683 378 3742 idem
394 3690 448 3756 est,
467 3704 539 3744 rouo
555 3686 682 3758 eorport’
691 3705 804 3752 ueram„
825 3687 869 3743 La
888 3686 1011 3753 ragione
1031 3685 1070 3740 mi
1091 3701 1163 3751 pare
1183 3683 1235 3751 pih

115 3756 216 3815 sottile
232 3756 286 3814 che
299 3757 509 3831 convincente;
524 3776 598 3816 raro
613 3777 733 3830 corpore
748 3756 765 3815 e
780 3777 820 3815 un
837 3756 930 3814 ablat.
947 3755 975 3812 di
990 3753 1088 3825 mod03
1108 3753 1234 3812 “niente

3 3858 5 3865 ·
115 3829 190 3888 v’ha
206 3829 262 3885 che
277 3847 337 3886 non
352 3829 397 3886 sia
412 3833 564 3899 composto
579 3830 610 3886 in
627 3829 712 3888 modo
728 3828 911 3886 deformare
927 3847 967 3884 un
984 3844 1074 3895 corpo
1090 3844 1206 3895 peroso.
1219 3870 1231 3896 ,

187 3900 318 3956 aso-ets.
336 3899 456 3959 Diversi
476 3920 548 3959 sono
567 3901 609 3970 gli
629 3900 723 3959 effetti
744 3900 799 3960 ohe
818 3919 879 3957 una
899 3917 968 3957 cosa
987 3897 1118 3966 produce
1144 3915 1232 3967 sopra

114 3990 181 4031 cose
201 3971 328 4030 diverse,
348 3957 373 4031 h}
391 3973 421 4031 lo
440 3976 535 4031 stesso
554 3979 729 4042 argomento
749 3976 875 4031 trattato
894 3971 939 4028 IV
952 3972 1003 4028 631
1024 3989 1096 4038 sgg.‚
1115 3970 1235 4053 magui

3 4060 9 4113 ἴ
114 4044 336 4114 generaliuzato
356 4045 451 4103 anche
473 4042 643 4102 all’infuori
669 4045 716 4103 del
739 4043 847 4102 mondo
874 4043 1012 4101 animale.
1036 4042 1061 4099 E
1085 4041 1134 4098 nel
1157 4041 1234 4099 hbro

113 4120 222 4185 quarto
237 4116 262 4174 si
278 4115 317 4174 dt
332 4117 427 4174 anche
442 4117 473 4174 la
485 4117 619 4185 ragione,
637 4115 771 4186 laquata
785 4134 920 4184 nappure
934 4115 984 4183 qui
1000 4131 1116 4185 manca,
1149 4112 1235 4172 oiche

3 4196 5 4265 g
113 4186 130 4245 ὸ
150 4188 346 4257 l’argomento
366 4187 414 4246 del
433 4188 595 4258 paragrafo
615 4206 676 4257 seg.
696 4188 824 4246 osseos.
900 4215 932 4226 -
947 4186 1012 4241 too.
1025 4203 1113 4243 seusu
1128 4133 1148 4242 b
1164 4184 1235 4254 dop-

113 4260 264 4329 piamente
284 4259 419 4330 traslata
439 4258 493 4318 ohe
506 4261 655 4317 annitutto
668 4261 707 4316 ha
722 4278 809 4318 senso
824 4259 928 4329 attivo,
946 4258 976 4315 la
988 4258 1163 4315 sensazione
1178 4257 1233 4316 che
