3176 4698
476 274 625 357 LIBER
646 274 702 357 VI
725 276 873 359 453-480
1166 286 1232 365 225

130 432 165 499 et
189 424 431 517 coniungendo
454 434 614 500 crescunt
636 427 819 519 ventisque
841 428 1001 502 feruntur

130 549 240 615 usque
263 525 349 597 aden
373 522 481 596 donee
504 531 692 615 tempestas
715 550 822 598 saeva
845 534 1006 600 coortast.

129 623 171 696 fit
194 646 332 714 quoque
355 623 408 695 uti
431 623 560 696 montis
583 622 701 697 vicina
726 623 910 696 cacumina
934 624 1030 698 caelo

40 733 105 790 460
131 747 237 814 quam
260 723 331 795 sint
354 745 489 812 quoque
512 721 638 812 magis,
663 729 761 795 tanto
785 721 901 811 magis
925 724 1019 797 edita
1042 725 1177 800 sument

132 821 277 894 adsidue
301 821 424 894 furuae
446 819 550 891 nubis
573 819 725 909 caligine
749 844 867 893 crassa

131 927 313 1011 propterea
336 918 428 1010 quia,
453 941 533 989 cum
557 918 752 991 consistunt
774 919 896 992 nubila
920 919 1082 1012 primum,

132 1024 213 1091 ante
236 1017 354 1090 videre
377 1016 468 1089 oculi
491 1039 597 1107 quam
620 1016 764 1107 possint,
788 1019 919 1109 tenvia,
944 1021 1041 1093 venti

131 1123 310 1207 portantes
334 1119 464 1204 cogunt
487 1114 532 1186 ad
555 1137 694 1187 summa
716 1116 901 1189 cacumina
925 1120 1069 1193 montis:
1099 1140 1102 1143 ·

44 1222 107 1280 465
132 1214 190 1287 hic
213 1214 352 1286 demum
374 1212 415 1285 fit
437 1214 490 1284 uti
513 1213 617 1284 turba
641 1213 771 1286 maiore
795 1222 915 1288 coorta

133 1321 167 1386 et
189 1312 361 1386 condensa
385 1317 514 1401 queant
536 1334 703 1402 apparere
727 1318 761 1385 et
781 1312 891 1385 simul
914 1314 989 1405 ipsc

133 1413 263 1486 vertice
285 1411 327 1483 de
350 1411 479 1483 mentis
502 1409 689 1482 uideantur
711 1435 855 1501 surgere
878 1413 916 1485 in
941 1410 1115 1489 aethram:

133 1536 215 1585 nam
238 1510 316 1584 luca
338 1508 493 1582 declarat
516 1532 654 1581 sursum
678 1516 823 1582 ventosa
847 1519 965 1602 patere

133 1634 189 1683 res
212 1610 287 1699 ipsa
310 1615 345 1681 et
367 1631 498 1697 sensus,
521 1607 651 1680 mentis
674 1631 754 1679 cum
778 1609 996 1684 ascendimus
1021 1613 1120 1687 altos.

47 1713 109 1768 470
134 1715 312 1802 praetcrea
335 1707 507 1798 permulta
530 1705 621 1778 mari
644 1730 782 1798 quoque
806 1705 925 1782 tollere
949 1718 1023 1784 tcto

132 1832 276 1899 corpora
297 1815 462 1880 naturam
486 1805 667 1878 declarant
690 1805 792 1878 litore
815 1814 930 1881 vestes

132 1928 326 1996 suspensae,
351 1928 429 1977 cum
453 1902 654 1992 concipiunt
677 1904 808 1976 umoris
832 1905 1035 1981 adhaesum.

133 2029 201 2096 quc
226 2004 339 2095 magis
362 2002 407 2074 ad
430 2002 533 2075 nubis
556 2001 736 2091 augendas
761 2003 872 2076 multa
895 2006 1059 2079 videntur

134 2126 231 2193 posse
254 2126 390 2193 quoque
413 2125 432 2172 e
455 2099 545 2173 salso
570 2124 779 2189 consurgere
803 2105 953 2176 momine
977 2106 1091 2195 ponti:

51 2213 111 2271 475
136 2225 218 2274 nam
241 2201 332 2273 ratic
355 2198 649 2288 consanguineast
672 2199 852 2273 umoribus
875 2200 962 2275 ullis.

136 2306 314 2391 praeterea
336 2297 454 2371 fluviis
477 2321 521 2369 ex
545 2295 706 2370 omnibus
729 2302 764 2368 et
787 2298 892 2370 simul
914 2300 991 2391 ipsa

136 2422 279 2488 surgere
302 2397 345 2469 de
368 2404 464 2469 terra
487 2395 633 2468 nebulas
656 2403 860 2486 aestumque
883 2398 1053 2490 videmus,

137 2519 225 2587 quac
249 2495 346 2568 velut
368 2493 501 2566 halitus
524 2491 608 2565 hinc
630 2492 683 2564 ita
705 2516 843 2566 sursum
868 2519 1030 2586 expressa
1053 2498 1213 2570 feruntur

136 2586 413 2676 suffunduntque
437 2607 500 2656 sua
524 2582 658 2655 caelum
682 2583 832 2672 caligine
857 2593 891 2657 et
915 2586 1005 2660 altas

53 2698 114 2755 480
137 2684 316 2757 sufficiunt
338 2682 441 2754 nubis
466 2681 635 2771 paulatim
659 2681 917 2757 conveniundcr

116 2898 341 2911 ...mm-..-

114 3034 215 3109 nubes,
234 3034 357 3107 nubilc;
376 3035 429 3093 cst.
447 3032 497 3091 187
517 3050 581 3102 sgg·
600 3030 678 3089 Perd
696 3032 718 3091 il
737 3030 846 3092 Munrc
866 3033 923 3102 (col
943 3030 1046 3103 Lech.)
1065 3035 1147 3095 tiene
1166 3037 1236 3095 dcet

115 3128 169 3180 per
188 3111 288 3168 ferum.
306 3108 402 3178 plur„
421 3124 481 3164 non
500 3104 675 3162 trovandnsi
700 3106 756 3164 hae
775 3108 806 3163 in
829 3106 976 3164 Lucrezic
995 3107 1034 3175 (u.
1054 3124 1073 3165 a
1091 3107 1139 3165 111
1157 3109 1239 3180 599);

116 3180 205 3241 crede
223 3182 292 3239 anzi
310 3180 391 3238 fosse
415 3178 446 3236 la
471 3177 568 3234 forma
586 3172 676 3234 d’usc
693 3176 725 3234 iu
745 3176 815 3247 quel
839 3182 948 3246 tempo,
970 3181 1116 3236 attestata
1141 3181 1237 3237 anche

117 3254 155 3312 da
174 3254 273 3312 ettimi
301 3269 369 3309 mss.
389 3249 419 3308 di
437 3249 497 3307 Oic.
517 3247 581 3306 (ies.
610 3248 694 3318 Virg.
718 3248 796 3316 Lim,
816 3253 872 3306 etc.
890 3248 918 3306 Il
941 3249 1011 3318 Brg.
1031 3268 1176 3308 conserva
1195 3270 1239 3314 ec,

116 3323 226 3396 perche
242 3323 332 3394 (dice)
346 3340 467 3392 ognunc
483 3320 615 3378 avrebbe
634 3338 722 3388 prese
742 3321 813 3379 haee
831 3339 885 3390 per
901 3324 1038 3380 neutros
1058 3320 1171 3392 numdi,
1183 3338 1238 3391 per

116 3397 251 3464 anafcra,
262 3414 345 3455 come
355 3393 532 3463 ripetizicne
545 3390 691 3450 deil’tuee
701 3391 750 3449 del
762 3411 849 3451 uerso
862 3391 1052 3461 precedente,
1065 3393 1143 3451 assia
1155 3412 1238 3451 come

116 3486 249 3540 corpora.
268 3468 318 3525 Ma
337 3465 385 3525 c’e
403 3466 501 3523 l’iade
520 3464 575 3522 che
594 3461 687 3521 rende
709 3463 892 3533 impossibile
918 3467 1025 3533 questa
1049 3463 1189 3523 illusione
1208 3465 1237 3523 di

116 3540 258 3611 anaforn3
271 3543 387 3598 mentre
406 3556 441 3596 ec
454 3536 495 3594 ha
514 3533 635 3605 proprio
653 3530 778 3594 l’effetto
795 3536 826 3592 di
843 3536 983 3593 sccstarsi
996 3534 1046 3593 dal
1058 3536 1238 3594 vicinissime

117 3612 217 3670 nubes.
238 3642 273 3651 —
289 3611 394 3669 Anchc
413 3609 442 3668 le
460 3606 564 3678 parole
583 3606 632 3664 del
650 3625 737 3666 uerso
756 3607 967 3678 ccrnpreadunt
986 3610 1066 3666 inter
1084 3625 1114 3664 se
1130 3626 1239 3679 conque

117 3686 291 3755 preparetur.
364 3712 399 3721 —
421 3680 488 3737 46⁰.
513 3696 641 3750 quanter
666 3678 719 3737 cfr.
745 3682 853 3809 wiza&
877 3679 1011 3739 111698.
1039 3678 1098 3747 Qui
1123 3679 1239 3764 111113δ

118 3749 806 3894 111ιῖ1116ψῐὲῑῖἓῗῗέἶῆῃῗὲἑᾱῖἷὲῗῖῂ
830 3750 1239 3880 tttttttttttttttt

118 3894 177 3957 due
193 3902 220 3956 et
232 3896 281 3956 del
295 3917 323 3955 v.
337 3916 411 3968 seg.;
426 3897 478 3954 cfr.
494 3895 556 3953 511.
629 3923 662 3933 —
677 3893 746 3951 466.
763 3901 790 3951 et
802 3895 950 3952 coardeasa
965 3900 1075 3965 queant
1085 3912 1240 3966 appare-re,

118 3967 275 4040 splendida
301 3969 471 4028 correzione
495 3965 545 4024 del
574 3964 697 4023 Lachm.
725 3984 778 4035 per
805 3984 871 4023 mss.
892 3971 919 4022 et
937 3966 1152 4037 condensctque
1171 3973 1241 4024 arta

117 4061 233 4114 parere.
305 4072 341 4081 -
359 4041 423 4100 475.
441 4057 534 4098 autor·
555 4036 632 4108 ollis,
653 4037 673 4093 il
692 4054 775 4095 mare
795 4054 811 4095 6
830 4037 850 4093 l'
863 4051 960 4106 acqua
980 4042 1143 4095 contenuta
1161 4038 1241 4095 nelle

119 4113 201 4172 nubi.
274 4144 308 4152 -
327 4112 384 4168 479
407 4131 471 4182 sgg.
495 4110 576 4168 altas
599 4106 752 4180 sufficiunt
771 4109 862 4167 nubea
888 4107 1095 4168 “concurrens
1121 4109 1203 4166 tassii
1223 4128 1242 4168 a

180 4220 329 4272 Lucanam.
345 4218 386 4271 De
401 4232 494 4270 rerum
509 4220 619 4268 actara.
1147 4217 1179 4271 15
