3102 4692
443 309 591 382 LIBER
614 309 671 382 ΙΙΙ
694 312 841 382 sto-975

117 454 161 526 sio
182 454 250 525 alid
273 479 318 526 ex
342 453 410 526 alio
433 477 624 543 numquam
650 453 790 526 desistet
814 453 910 541 oriri,

117 553 246 643 vitaque
269 551 442 641 mancipio
465 550 553 624 nulli
578 551 691 638 datur,
716 552 876 625 omnibus
900 575 976 625 usu.

56 672 98 729 oro
154 650 295 741 Respice
318 651 402 722 item
426 675 530 742 qnam
554 649 605 721 nil
629 649 674 721 ad
698 673 759 722 nos
783 657 864 721 ante
887 659 967 722 aeta
990 658 1145 727 vetustas

116 749 269 840 temporis
293 749 428 822 aeterni
451 749 565 837 luerit,
591 773 696 841 quam
719 748 897 821 nascimur
919 757 1010 823 ante.

116 846 173 921 hoc
193 848 303 939 igitur
326 847 504 939 speculum
527 847 627 920 nobis
651 852 778 919 natura
802 847 912 920 futuri

116 947 268 1037 temporis
292 946 436 1037 exponit
459 952 535 1036 post
560 952 704 1019 mortem
729 945 878 1036 denique
901 952 1067 1021 nostram.

116 1045 274 1135 numquid
299 1046 349 1117 ibi
373 1045 538 1117 horribile
562 1051 717 1135 apparet,
741 1069 825 1116 num
849 1045 950 1118 triste
972 1047 1111 1121 videtur

58 1162 97 1220 tlt
116 1142 302 1234 quiequam,
327 1168 396 1216 non
422 1143 515 1216 omni
538 1166 658 1216 somno
682 1143 836 1216 securius
859 1146 1000 1218 exstat?

100 1346 300 1356 -——--.—-

98 1453 164 1509 tntte
183 1454 295 1521 quante
315 1451 345 1508 le
365 1448 558 1519 generazioni
584 1449 614 1504 al
640 1467 695 1517 par
721 1448 750 1505 di
770 1456 799 1508 te
819 1467 872 1507 son
892 1448 1041 1510 destinate
1064 1471 1082 1509 a
1102 1452 1209 1512 eadere

98 1553 125 1561 -
141 1542 157 1582 0
174 1542 225 1582 son
242 1523 353 1581 eadute
370 1521 474 1591 prima,
493 1539 510 1578 0
530 1518 719 1591 cedrenus„
740 1520 827 1579 Ossia
841 1522 912 1579 1000
930 1541 989 1599 non
1005 1522 1088 1593 epil
1101 1523 1129 1583 le
1141 1542 1209 1584 oose

98 1613 111 1651 0
126 1596 312 1662 generezioni
334 1593 416 1651 nella
434 1593 498 1650 loro
511 1592 669 1649 materiale
682 1591 904 1664 individualitt,
923 1612 972 1651 me
984 1595 1012 1653 le
1025 1594 1089 1653 loro
1105 1596 1209 1667 forme,
1248 1610 1253 1615 “

98 1685 167 1725 cone
185 1669 264 1725 nelle
283 1665 458 1724 imitszione
477 1663 618 1722 orazians
638 1662 734 1735 Epist.
754 1665 785 1722 ΙΙ
804 1667 876 1731 310,
896 1683 1009 1724 eeome
1022 1667 1053 1724 in
1065 1668 1210 1727 Luerezio

97 1745 177 1797 stesso
195 1740 225 1797 ΙΙ
246 1742 280 1797 16
301 1742 384 1798 iuter
402 1754 432 1795 se
450 1737 589 1794 mortales
608 1742 712 1793 mutua
736 1739 845 1795 aiauut.
871 1735 932 1796 On.
953 1739 962 1795 i
987 1738 1046 1797 due
1065 1741 1144 1797 versi
1163 1759 1209 1798 se·

97 1811 195 1878 guenti.
214 1812 299 1880 [Non
317 1808 394 1867 redo
412 1827 453 1865 un
472 1807 610 1866 evidente
631 1806 791 1877 00010300
812 1808 860 1868 001
879 1809 1001 1879 leggere
1021 1828 1076 1868 eon
1095 1811 1210 1871 Heinze

97 1884 208 1940 0010100
230 1884 301 1953 (per
321 1887 389 1939 aute
409 1880 490 1948 1000)
516 1880 593 1937 00110
616 1879 822 1948 spiegazione:
844 1882 950 1950 poiche
976 1886 1115 1940 materies
1138 1903 1211 1956 opus

21 1996 22 1999 η
97 1961 132 2010 est
148 1962 178 2011 ut
196 1961 334 2013 crescaut
351 1959 471 2023 postera
490 1951 596 2020 saecla,
616 1950 716 2018 percio
736 1950 784 2009 dei
804 1953 902 2010 saecla
922 1971 975 2011 son
996 1955 1084 2023 periti
1105 1956 1210 2013 aventi

20 2050 22 2069 r
98 2034 189 2094 questo
209 2031 425 2095 tempneome
445 2030 560 2090 10000,
584 2042 600 2080 e
620 2023 781 2090 perirenno
801 2023 878 2093 dopo
898 2025 949 2091 te]
1026 2055 1052 2065 -
1077 2027 1147 2084 909.
1166 2028 1211 2085 La
1287 2064 1289 2069 -

96 2099 149 2155 rite
173 2098 188 2156 1
212 2099 290 2156 deta
314 2117 333 2154 a
357 2114 486 2153 nessuno
510 2094 541 2151 in
565 2093 719 2162 propriett
744 2113 762 2152 0
786 2097 857 2154 tutti
882 2097 914 2152 in
940 2097 1102 2155 usufrutto.
1126 2099 1212 2167 (usus

97 2189 199 2228 :usus
215 2178 240 2228 et
259 2170 392 2241 fructus,
408 2185 480 2225 usus
495 2166 677 2237 strictusque,
692 2185 765 2224 usus
780 2166 918 2239 fructas;
936 2169 989 2226 eir.
1003 2169 1111 2228 Horat.
1128 2174 1211 2242 epist.

20 2246 22 2303 i
95 2240 220 2300 112159
240 2243 389 2314 quaedam
410 2242 613 2310 ...mancipat
632 2240 725 2302 usas.)
751 2239 794 2295 Le
818 2239 1013 2299 similitudine
1040 2259 1099 2299 non
1126 2241 1211 2300 enel

20 2320 22 2359 ἰ
96 2331 170 2372 senso
189 2314 289 2372 d'una
309 2310 500 2371 concessione
513 2311 584 2380 tole,
597 2309 651 2367 che
671 2310 718 2367 ehi
737 2310 768 2367 la
787 2310 834 2377 dt,
859 2330 948 2380 possa
967 2313 1100 2371 ritirarla
1119 2331 1138 2371 a
1156 2332 1211 2373 suo

96 2386 265 2460 piaclimento
287 2385 320 2452 (il
340 2385 394 2442 ohe
414 2402 472 2441 non
489 2381 505 2441 ὸ
521 2381 664 2451 implicito
681 2381 934 2455 nell'usufrutt0);
953 2403 1001 2442 me
1017 2384 1046 2442 al
1063 2385 1165 2443 diritto
1181 2385 1210 2444 di

96 2458 245 2528 propriae,
266 2457 333 2526 elie,
352 2456 383 2512 in
401 2454 485 2513 foras
504 2453 552 2511 del
571 2453 673 2511 diritto
693 2452 723 2510 di
742 2457 864 2525 testare,
889 2456 928 2513 he
949 2456 979 2513 in
999 2456 1030 2514 se
1050 2464 1210 2516 0000101-

96 2533 150 2587 tere
163 2530 191 2587 di
203 2526 390 2600 perpetuus,
404 2526 420 2584 e
434 2532 645 2594 eontrapposto
657 2525 844 2596 l’usufrutto,
864 2527 918 2584 ohe
931 2545 1014 2586 cessa
1026 2529 1102 2586 colle
1116 2537 1211 2588 morte

96 2600 121 2657 di
138 2602 182 2659 chi
200 2604 227 2660 10
248 2600 338 2671 gode.
357 2599 403 2657 Tu
422 2596 563 2655 rnorendo
582 2615 643 2654 non
663 2597 712 2654 hai
725 2598 778 2667 piis
791 2597 893 2656 diritto
913 2599 1058 2658 allavite.
1078 2601 1122 2658 Le
1134 2603 1211 2658 simi·

95 2673 210 2731 litudine
226 2673 278 2731 del
296 2675 376 2729 resto
389 2689 450 2728 non
463 2669 479 2727 ὲ
493 2687 600 2728 nuova.
614 2669 708 2728 Lucil.
720 2669 843 2728 XXVII
856 2672 887 2729 6:
907 2689 971 2729 cum
984 2675 1076 2730 sciam
1089 2672 1136 2730 nil
1151 2691 1212 2731 esse

96 2747 124 2801 iu
140 2748 199 2804 atta
215 2746 378 2816 proprium
392 2742 516 2800 mortali
536 2743 647 2811 datura,
666 2744 727 2799 taur
767 2760 806 2800 aa
825 2748 990 2814 tempestate
1008 2747 1073 2802 aiva
1091 2744 1210 2802 chresto

96 2817 130 2874 ad
145 2836 187 2874 me
204 2819 329 2887 recipio.
349 2845 381 2853 —
404 2813 537 2872 Arnobio
556 2813 633 2870 1121
647 2813 731 2870 imita
746 2759 891 2873 inuerezio
907 2833 964 2872 asu
977 2821 1004 2872 et
1016 2815 1083 2874 iltis
1096 2821 1138 2873 est
1149 2819 1211 2874 uita

96 2907 146 2957 acu
168 2890 322 2946 mancile
348 2887 471 2943 tradita.
497 2885 602 2942 Anehe
626 2883 713 2943 Orid.
733 2885 801 2942 Met.
827 2885 866 2955 X,
892 2886 932 2943 ha
957 2887 1037 2944 forse
1061 2888 1092 2943 in
1112 2892 1211 2946 mente

96 2959 228 3019 Luerezio
251 2907 292 3016 ld
303 2959 379 3016 dove
399 2956 499 3023 Orfeo,
519 2956 671 3026 pregando
691 2955 732 3025 gli
752 2957 796 3014 sio
817 2957 969 3015 restituite
994 2957 1213 3028 1100101100,οε-

20 3042 21 3045 ’
95 3030 210 3102 giunge:
232 3049 294 3104 pra
313 3049 433 3088 muuere
448 3032 598 3102 pascimus
616 3046 702 3086 arsum
723 3028 736 3052 ‘⁴
752 3048 811 3087 non
836 3028 866 3086 la
885 3029 990 3088 chiedo
1009 3031 1040 3086 in
1059 3029 1137 3088 dono
1156 3031 1211 3088 ohe

95 3121 141 3170 per
158 3124 197 3162 un
216 3111 322 3171 tempo
341 3101 469 3159 limitato
485 3144 512 3170 „.
531 3099 601 3169 on„
620 3118 676 3157 eon
689 3099 806 3170 Munro,
825 3099 915 3159 Curio
932 3102 986 3160 ohe
1001 3103 1098 3159 scrire
1118 3120 1136 3158 0
1151 3100 1212 3160 oie.

97 3176 142 3243 (ad
153 3175 223 3245 sam.
242 3174 305 3232 VII
322 3171 368 3240 29)
387 3191 453 3230 sam
472 3173 550 3230 euim
565 3165 664 3246 χρήσει
675 3172 730 3242 μὲν
743 3179 821 3236 tuus,
835 3166 927 3244 κτήσει
943 3173 974 3228 δὲ
990 3174 1087 3231 Attici
1097 3177 1212 3242 uostri;

95 3265 109 3304 e
125 3246 180 3305 010.
196 3248 243 3317 gli
262 3244 402 3315 risponde
420 3245 470 3313 (ib.
489 3245 535 3310 30)
554 3244 652 3301 Attici
665 3247 806 3314 quautam
818 3247 975 3316 propriam
989 3251 1014 3303 te
1030 3263 1090 3303 esse
1104 3245 1212 3303 scribis

20 3334 22 3361 i
97 3323 242 3391 nrancipto
269 3324 297 3376 et
323 3335 416 3385 reeca,
444 3334 539 3374 rueum
567 3322 664 3373 autem
691 3334 749 3374 usa
777 3323 804 3374 et
831 3314 943 3388 fructu,
971 3323 1125 3375 cautcutas
1153 3320 1210 3375 ista

20 3406 22 3431 ³
96 3407 161 3448 sam.
240 3420 268 3428 -
291 3407 357 3458 usa,
377 3387 447 3457 det,
466 3406 548 3446 corne
567 3390 726 3456 mancipio.

20 3466 21 3469 ’
157 3461 294 3519 970911.
312 3461 362 3520 Un
382 3468 567 3529 argomento,
586 3476 668 3516 come
687 3458 783 3516 anche
803 3458 873 3516 lost
887 3460 965 3529 1092,
985 3459 1032 3517 101
1052 3477 1162 3529 genere
1182 3459 1213 3518 di

97 3534 181 3601 quelli
200 3532 359 3594 oontenuti
380 3533 410 3589 in
428 3532 547 3589 830-891
562 3560 595 3569 -
609 3530 676 3587 anzi
697 3528 747 3598 git
766 3534 883 3588 toooeto
902 3530 942 3598 11,
956 3534 1021 3600 (830
1039 3532 1147 3601 segle
1166 3532 1212 3588 in·

97 3610 154 3664 teso
170 3605 316 3665 elevaret
329 3605 358 3662 lo
375 3610 520 3673 sperento
537 3601 688 3660 dell’esser
704 3605 807 3659 morto.
824 3601 853 3659 Si
872 3602 946 3660 rede
963 3604 1065 3662 chiaro
1081 3603 1136 3662 ohe
1152 3622 1212 3660 non

20 3718 22 3735 f
96 3676 142 3735 o’t
159 3696 273 3737 nessnn
291 3679 435 3746 rapporto
454 3675 532 3733 eolla
552 3672 734 3744 precedente
754 3671 936 3732 discussione
955 3674 1112 3744 giuridics‚
1131 3693 1163 3733 se
1182 3675 1213 3732 la

20 3776 22 3811 i
98 3758 193 3808 nostre
218 3756 340 3819 pretesa
360 3746 390 3804 di
409 3765 469 3804 non
494 3764 593 3804 cessar
612 3745 642 3802 di
662 3745 765 3802 vivere
784 3742 801 3802 ὁ
820 3744 946 3804 fandata
962 3766 979 3805 0
998 3765 1053 3817 n03
1081 3746 1175 3804 l'a'tem
1194 3765 1213 3804 a

20 3818 21 3843 ³
97 3826 196 3888 questo
214 3826 302 3892 posto
321 3819 338 3878 ὸ
355 3819 404 3876 del
423 3823 501 3877 tutto
516 3818 586 3876 fuor
601 3816 632 3873 di
643 3822 739 3886 posto.
754 3815 917 3875 Andrebbe
931 3819 1017 3889 bene,
1035 3838 1063 3888 p.
1075 3835 1115 3876 es.
1135 3817 1212 3887 dopo

99 3894 171 3966 1091,
183 3913 200 3951 0
215 3893 292 3963 dopo
305 3893 411 3951 928.-
421 3889 509 3949 come
523 3896 594 3948 nota
608 3888 628 3946 il
638 3890 755 3957 Manto,
769 3887 883 3947 Seneca
896 3908 1028 3958 pensare
1041 3889 1213 3948 aLuorezio

98 3965 248 4024 scrivendo
272 3965 369 4036 Epist.
390 3963 435 4032 54,
454 3965 472 4018 4
493 3980 572 4019 mars
601 3967 642 4019 est
665 3979 724 4019 aaa
753 3979 821 4018 esse.
841 3963 875 4018 iat
892 3963 979 4032 quale
1000 3965 1040 4020 sit
1063 3964 1125 4019 iam
1144 3966 1212 4020 scio.

99 4034 146 4094 100
164 4041 221 4095 erit
242 4044 308 4109 post
332 4034 476 4105 mequod
499 4040 567 4091 ante
591 4051 636 4090 me
654 4031 723 4103 fuit.
749 4034 869 4103 siquid
891 4037 925 4091 iu
944 4033 1000 4091 100
1018 4053 1051 4091 re
1074 4036 1215 4091 tormenti

100 4114 147 4179 est,
167 4125 278 4168 necesse
301 4115 344 4167 est
370 4112 398 4164 et
416 4103 511 4176 fecisse
529 4110 598 4164 autc
624 4122 711 4175 arram
728 4104 916 4174 prodiremus
940 4108 973 4162 tu
997 4105 1104 4163 lucem:
1128 4107 1215 4175 atqui

20 4244 21 4249 η
100 4180 211 4238 nullam
227 4184 375 4240 sensurias
400 4183 471 4234 tuuc
489 4180 670 4234 vexationem
689 4175 752 4245 [830
772 4181 905 4234 00100010
929 4178 975 4234 ur'l
1001 4184 1124 4246 tempore
1149 4194 1213 4233 seu·

20 4288 21 4327 5
100 4254 190 4310 simus
207 4252 312 4326 aeprtJ.
324 4297 344 4311 ..
367 4251 518 4320 utrimque
535 4267 602 4306 aera
618 4249 682 4306 atta
697 4250 844 4305 securitas
860 4247 924 4319 [915
938 4267 998 4306 uon
1018 4250 1099 4307 orrrni
1112 4263 1213 4306 somno
